%YAML 1.1
%TAG !u! tag:unity3d.com,2011:
--- !u!114 &2236038745955620438
MonoBehaviour:
  m_ObjectHideFlags: 0
  m_CorrespondingSourceObject: {fileID: 0}
  m_PrefabInstance: {fileID: 0}
  m_PrefabAsset: {fileID: 0}
  m_GameObject: {fileID: 396545738894003026}
  m_Enabled: 1
  m_EditorHideFlags: 0
  m_Script: {fileID: 11500000, guid: 53eb91dd296937740b753375c6a6aacd, type: 3}
  m_Name: 
  m_EditorClassIdentifier: 
  value: 2
--- !u!1 &427490130788658901
GameObject:
  m_ObjectHideFlags: 0
  m_CorrespondingSourceObject: {fileID: 0}
  m_PrefabInstance: {fileID: 0}
  m_PrefabAsset: {fileID: 0}
  serializedVersion: 6
  m_Component:
  - component: {fileID: 2113563917968290340}
  m_Layer: 10
  m_Name: Cubes
  m_TagString: Untagged
  m_Icon: {fileID: 0}
  m_NavMeshLayer: 0
  m_StaticEditorFlags: 0
  m_IsActive: 1
--- !u!4 &2113563917968290340
Transform:
  m_ObjectHideFlags: 0
  m_CorrespondingSourceObject: {fileID: 0}
  m_PrefabInstance: {fileID: 0}
  m_PrefabAsset: {fileID: 0}
  m_GameObject: {fileID: 427490130788658901}
  m_LocalRotation: {x: 0, y: 0, z: 0, w: 1}
  m_LocalPosition: {x: 0, y: 0, z: 0}
  m_LocalScale: {x: 1, y: 1, z: 1}
  m_Children:
  - {fileID: 396545738894003030}
  - {fileID: 2126745237924983094}
  - {fileID: 4175632303876689373}
  - {fileID: 6790979233334031728}
  - {fileID: 7430235498449718123}
  - {fileID: 1193235840107109529}
  - {fileID: 4511138355997964721}
  - {fileID: 5865179884035025159}
  - {fileID: 3429522170080105665}
  - {fileID: 1244598746516970259}
  - {fileID: 1244598747119683871}
  - {fileID: 1244598745962512518}
  - {fileID: 1244598745533472133}
  - {fileID: 1244598747546849415}
  - {fileID: 1244598747124700616}
  - {fileID: 1244598745791102585}
  - {fileID: 1244598746439928456}
  - {fileID: 1244598745890794711}
  - {fileID: 1244598747075543743}
  - {fileID: 1244598746048971080}
  m_Father: {fileID: 7023024758563397093}
  m_RootOrder: 2
  m_LocalEulerAnglesHint: {x: 0, y: 0, z: 0}
--- !u!114 &5479712230447475715
MonoBehaviour:
  m_ObjectHideFlags: 0
  m_CorrespondingSourceObject: {fileID: 0}
  m_PrefabInstance: {fileID: 0}
  m_PrefabAsset: {fileID: 0}
  m_GameObject: {fileID: 1193235840107109533}
  m_Enabled: 1
  m_EditorHideFlags: 0
  m_Script: {fileID: 11500000, guid: 53eb91dd296937740b753375c6a6aacd, type: 3}
  m_Name: 
  m_EditorClassIdentifier: 
  value: 4
--- !u!114 &599124932
MonoBehaviour:
  m_ObjectHideFlags: 0
  m_CorrespondingSourceObject: {fileID: 0}
  m_PrefabInstance: {fileID: 0}
  m_PrefabAsset: {fileID: 0}
  m_GameObject: {fileID: 1244598745533472129}
  m_Enabled: 1
  m_EditorHideFlags: 0
  m_Script: {fileID: 11500000, guid: 53eb91dd296937740b753375c6a6aacd, type: 3}
  m_Name: 
  m_EditorClassIdentifier: 
  value: 16
--- !u!114 &840484928
MonoBehaviour:
  m_ObjectHideFlags: 0
  m_CorrespondingSourceObject: {fileID: 0}
  m_PrefabInstance: {fileID: 0}
  m_PrefabAsset: {fileID: 0}
  m_GameObject: {fileID: 1244598745791102589}
  m_Enabled: 1
  m_EditorHideFlags: 0
  m_Script: {fileID: 11500000, guid: 53eb91dd296937740b753375c6a6aacd, type: 3}
  m_Name: 
  m_EditorClassIdentifier: 
  value: 16
--- !u!114 &946412178
MonoBehaviour:
  m_ObjectHideFlags: 0
  m_CorrespondingSourceObject: {fileID: 0}
  m_PrefabInstance: {fileID: 0}
  m_PrefabAsset: {fileID: 0}
  m_GameObject: {fileID: 1244598745890794707}
  m_Enabled: 1
  m_EditorHideFlags: 0
  m_Script: {fileID: 11500000, guid: 53eb91dd296937740b753375c6a6aacd, type: 3}
  m_Name: 
  m_EditorClassIdentifier: 
  value: 32
--- !u!114 &1008776899
MonoBehaviour:
  m_ObjectHideFlags: 0
  m_CorrespondingSourceObject: {fileID: 0}
  m_PrefabInstance: {fileID: 0}
  m_PrefabAsset: {fileID: 0}
  m_GameObject: {fileID: 1244598745962512514}
  m_Enabled: 1
  m_EditorHideFlags: 0
  m_Script: {fileID: 11500000, guid: 53eb91dd296937740b753375c6a6aacd, type: 3}
  m_Name: 
  m_EditorClassIdentifier: 
  value: 8
--- !u!114 &50067217
MonoBehaviour:
  m_ObjectHideFlags: 0
  m_CorrespondingSourceObject: {fileID: 0}
  m_PrefabInstance: {fileID: 0}
  m_PrefabAsset: {fileID: 0}
  m_GameObject: {fileID: 1244598746048971084}
  m_Enabled: 1
  m_EditorHideFlags: 0
  m_Script: {fileID: 11500000, guid: 53eb91dd296937740b753375c6a6aacd, type: 3}
  m_Name: 
  m_EditorClassIdentifier: 
  value: 32
--- !u!114 &430734545
MonoBehaviour:
  m_ObjectHideFlags: 0
  m_CorrespondingSourceObject: {fileID: 0}
  m_PrefabInstance: {fileID: 0}
  m_PrefabAsset: {fileID: 0}
  m_GameObject: {fileID: 1244598746439928460}
  m_Enabled: 1
  m_EditorHideFlags: 0
  m_Script: {fileID: 11500000, guid: 53eb91dd296937740b753375c6a6aacd, type: 3}
  m_Name: 
  m_EditorClassIdentifier: 
  value: 32
--- !u!114 &517270870
MonoBehaviour:
  m_ObjectHideFlags: 0
  m_CorrespondingSourceObject: {fileID: 0}
  m_PrefabInstance: {fileID: 0}
  m_PrefabAsset: {fileID: 0}
  m_GameObject: {fileID: 1244598746516970263}
  m_Enabled: 1
  m_EditorHideFlags: 0
  m_Script: {fileID: 11500000, guid: 53eb91dd296937740b753375c6a6aacd, type: 3}
  m_Name: 
  m_EditorClassIdentifier: 
  value: 8
--- !u!114 &2139829498
MonoBehaviour:
  m_ObjectHideFlags: 0
  m_CorrespondingSourceObject: {fileID: 0}
  m_PrefabInstance: {fileID: 0}
  m_PrefabAsset: {fileID: 0}
  m_GameObject: {fileID: 1244598747075543739}
  m_Enabled: 1
  m_EditorHideFlags: 0
  m_Script: {fileID: 11500000, guid: 53eb91dd296937740b753375c6a6aacd, type: 3}
  m_Name: 
  m_EditorClassIdentifier: 
  value: 32
--- !u!114 &1093255002
MonoBehaviour:
  m_ObjectHideFlags: 0
  m_CorrespondingSourceObject: {fileID: 0}
  m_PrefabInstance: {fileID: 0}
  m_PrefabAsset: {fileID: 0}
  m_GameObject: {fileID: 1244598747119683867}
  m_Enabled: 1
  m_EditorHideFlags: 0
  m_Script: {fileID: 11500000, guid: 53eb91dd296937740b753375c6a6aacd, type: 3}
  m_Name: 
  m_EditorClassIdentifier: 
  value: 8
--- !u!114 &1117594513
MonoBehaviour:
  m_ObjectHideFlags: 0
  m_CorrespondingSourceObject: {fileID: 0}
  m_PrefabInstance: {fileID: 0}
  m_PrefabAsset: {fileID: 0}
  m_GameObject: {fileID: 1244598747124700620}
  m_Enabled: 1
  m_EditorHideFlags: 0
  m_Script: {fileID: 11500000, guid: 53eb91dd296937740b753375c6a6aacd, type: 3}
  m_Name: 
  m_EditorClassIdentifier: 
  value: 16
--- !u!114 &1538500290
MonoBehaviour:
  m_ObjectHideFlags: 0
  m_CorrespondingSourceObject: {fileID: 0}
  m_PrefabInstance: {fileID: 0}
  m_PrefabAsset: {fileID: 0}
  m_GameObject: {fileID: 1244598747546849411}
  m_Enabled: 1
  m_EditorHideFlags: 0
  m_Script: {fileID: 11500000, guid: 53eb91dd296937740b753375c6a6aacd, type: 3}
  m_Name: 
  m_EditorClassIdentifier: 
  value: 16
--- !u!114 &5640211474900517258
MonoBehaviour:
  m_ObjectHideFlags: 0
  m_CorrespondingSourceObject: {fileID: 0}
  m_PrefabInstance: {fileID: 0}
  m_PrefabAsset: {fileID: 0}
  m_GameObject: {fileID: 2126745237924983090}
  m_Enabled: 1
  m_EditorHideFlags: 0
  m_Script: {fileID: 11500000, guid: 53eb91dd296937740b753375c6a6aacd, type: 3}
  m_Name: 
  m_EditorClassIdentifier: 
  value: 2
--- !u!114 &5788905720552663620
MonoBehaviour:
  m_ObjectHideFlags: 0
  m_CorrespondingSourceObject: {fileID: 0}
  m_PrefabInstance: {fileID: 0}
  m_PrefabAsset: {fileID: 0}
  m_GameObject: {fileID: 3429522170080105669}
  m_Enabled: 1
  m_EditorHideFlags: 0
  m_Script: {fileID: 11500000, guid: 53eb91dd296937740b753375c6a6aacd, type: 3}
  m_Name: 
  m_EditorClassIdentifier: 
  value: 8
--- !u!114 &6114519125741161748
MonoBehaviour:
  m_ObjectHideFlags: 0
  m_CorrespondingSourceObject: {fileID: 0}
  m_PrefabInstance: {fileID: 0}
  m_PrefabAsset: {fileID: 0}
  m_GameObject: {fileID: 4175632303876689369}
  m_Enabled: 1
  m_EditorHideFlags: 0
  m_Script: {fileID: 11500000, guid: 53eb91dd296937740b753375c6a6aacd, type: 3}
  m_Name: 
  m_EditorClassIdentifier: 
  value: 2
--- !u!114 &6421331759501223580
MonoBehaviour:
  m_ObjectHideFlags: 0
  m_CorrespondingSourceObject: {fileID: 0}
  m_PrefabInstance: {fileID: 0}
  m_PrefabAsset: {fileID: 0}
  m_GameObject: {fileID: 4511138355997964725}
  m_Enabled: 1
  m_EditorHideFlags: 0
  m_Script: {fileID: 11500000, guid: 53eb91dd296937740b753375c6a6aacd, type: 3}
  m_Name: 
  m_EditorClassIdentifier: 
  value: 4
--- !u!114 &4382495363853118653
MonoBehaviour:
  m_ObjectHideFlags: 0
  m_CorrespondingSourceObject: {fileID: 0}
  m_PrefabInstance: {fileID: 0}
  m_PrefabAsset: {fileID: 0}
  m_GameObject: {fileID: 5865179884035025155}
  m_Enabled: 1
  m_EditorHideFlags: 0
  m_Script: {fileID: 11500000, guid: 53eb91dd296937740b753375c6a6aacd, type: 3}
  m_Name: 
  m_EditorClassIdentifier: 
  value: 4
--- !u!114 &5830405641991164876
MonoBehaviour:
  m_ObjectHideFlags: 0
  m_CorrespondingSourceObject: {fileID: 0}
  m_PrefabInstance: {fileID: 0}
  m_PrefabAsset: {fileID: 0}
  m_GameObject: {fileID: 6790979233334031732}
  m_Enabled: 1
  m_EditorHideFlags: 0
  m_Script: {fileID: 11500000, guid: 53eb91dd296937740b753375c6a6aacd, type: 3}
  m_Name: 
  m_EditorClassIdentifier: 
  value: 2
--- !u!114 &7931414827290112504
MonoBehaviour:
  m_ObjectHideFlags: 0
  m_CorrespondingSourceObject: {fileID: 0}
  m_PrefabInstance: {fileID: 0}
  m_PrefabAsset: {fileID: 0}
  m_GameObject: {fileID: 7430235498449718127}
  m_Enabled: 1
  m_EditorHideFlags: 0
  m_Script: {fileID: 11500000, guid: 53eb91dd296937740b753375c6a6aacd, type: 3}
  m_Name: 
  m_EditorClassIdentifier: 
  value: 4
--- !u!1001 &167687047
PrefabInstance:
  m_ObjectHideFlags: 0
  serializedVersion: 2
  m_Modification:
    m_TransformParent: {fileID: 2113563917968290340}
    m_Modifications:
    - target: {fileID: 1244598745536752914, guid: d344271d313980b41843a75885202bd2, type: 3}
      propertyPath: m_Text
      value: 16
      objectReference: {fileID: 0}
    - target: {fileID: 1244598745653702146, guid: d344271d313980b41843a75885202bd2, type: 3}
      propertyPath: m_RootOrder
      value: 12
      objectReference: {fileID: 0}
    - target: {fileID: 1244598745653702146, guid: d344271d313980b41843a75885202bd2, type: 3}
      propertyPath: m_LocalPosition.x
      value: -1.6
      objectReference: {fileID: 0}
    - target: {fileID: 1244598745653702146, guid: d344271d313980b41843a75885202bd2, type: 3}
      propertyPath: m_LocalPosition.y
      value: 14.5
      objectReference: {fileID: 0}
    - target: {fileID: 1244598745653702146, guid: d344271d313980b41843a75885202bd2, type: 3}
      propertyPath: m_LocalPosition.z
      value: 8.36
      objectReference: {fileID: 0}
    - target: {fileID: 1244598745653702146, guid: d344271d313980b41843a75885202bd2, type: 3}
      propertyPath: m_LocalRotation.w
      value: 1
      objectReference: {fileID: 0}
    - target: {fileID: 1244598745653702146, guid: d344271d313980b41843a75885202bd2, type: 3}
      propertyPath: m_LocalRotation.x
      value: 0
      objectReference: {fileID: 0}
    - target: {fileID: 1244598745653702146, guid: d344271d313980b41843a75885202bd2, type: 3}
      propertyPath: m_LocalRotation.y
      value: 0
      objectReference: {fileID: 0}
    - target: {fileID: 1244598745653702146, guid: d344271d313980b41843a75885202bd2, type: 3}
      propertyPath: m_LocalRotation.z
      value: 0
      objectReference: {fileID: 0}
    - target: {fileID: 1244598745653702146, guid: d344271d313980b41843a75885202bd2, type: 3}
      propertyPath: m_LocalEulerAnglesHint.x
      value: 0
      objectReference: {fileID: 0}
    - target: {fileID: 1244598745653702146, guid: d344271d313980b41843a75885202bd2, type: 3}
      propertyPath: m_LocalEulerAnglesHint.y
      value: 0
      objectReference: {fileID: 0}
    - target: {fileID: 1244598745653702146, guid: d344271d313980b41843a75885202bd2, type: 3}
      propertyPath: m_LocalEulerAnglesHint.z
      value: 0
      objectReference: {fileID: 0}
    - target: {fileID: 1244598745653702148, guid: d344271d313980b41843a75885202bd2, type: 3}
      propertyPath: m_Materials.Array.data[0]
      value: 
      objectReference: {fileID: 2100000, guid: 531ce85569651944b92f38e8df9b1daf, type: 2}
    - target: {fileID: 1244598745653702150, guid: d344271d313980b41843a75885202bd2, type: 3}
      propertyPath: m_Name
      value: BaseCube (12)
      objectReference: {fileID: 0}
    - target: {fileID: 1244598745653702150, guid: d344271d313980b41843a75885202bd2, type: 3}
      propertyPath: m_IsActive
      value: 1
      objectReference: {fileID: 0}
    - target: {fileID: 1244598746188261878, guid: d344271d313980b41843a75885202bd2, type: 3}
      propertyPath: m_Text
      value: 16
      objectReference: {fileID: 0}
    - target: {fileID: 1244598746319467436, guid: d344271d313980b41843a75885202bd2, type: 3}
      propertyPath: m_Text
      value: 16
      objectReference: {fileID: 0}
    - target: {fileID: 1244598746411284381, guid: d344271d313980b41843a75885202bd2, type: 3}
      propertyPath: m_Text
      value: 16
      objectReference: {fileID: 0}
    - target: {fileID: 1244598746741649336, guid: d344271d313980b41843a75885202bd2, type: 3}
      propertyPath: m_Text
      value: 16
      objectReference: {fileID: 0}
    - target: {fileID: 1244598747473107045, guid: d344271d313980b41843a75885202bd2, type: 3}
      propertyPath: m_Text
      value: 16
      objectReference: {fileID: 0}
    m_RemovedComponents: []
  m_SourcePrefab: {fileID: 100100000, guid: d344271d313980b41843a75885202bd2, type: 3}
--- !u!4 &1244598745533472133 stripped
Transform:
  m_CorrespondingSourceObject: {fileID: 1244598745653702146, guid: d344271d313980b41843a75885202bd2, type: 3}
  m_PrefabInstance: {fileID: 167687047}
  m_PrefabAsset: {fileID: 0}
--- !u!1 &1244598745533472129 stripped
GameObject:
  m_CorrespondingSourceObject: {fileID: 1244598745653702150, guid: d344271d313980b41843a75885202bd2, type: 3}
  m_PrefabInstance: {fileID: 167687047}
  m_PrefabAsset: {fileID: 0}
--- !u!1001 &304235221
PrefabInstance:
  m_ObjectHideFlags: 0
  serializedVersion: 2
  m_Modification:
    m_TransformParent: {fileID: 2113563917968290340}
    m_Modifications:
    - target: {fileID: 1244598745536752914, guid: d344271d313980b41843a75885202bd2, type: 3}
      propertyPath: m_Text
      value: 32
      objectReference: {fileID: 0}
    - target: {fileID: 1244598745653702146, guid: d344271d313980b41843a75885202bd2, type: 3}
      propertyPath: m_RootOrder
      value: 17
      objectReference: {fileID: 0}
    - target: {fileID: 1244598745653702146, guid: d344271d313980b41843a75885202bd2, type: 3}
      propertyPath: m_LocalPosition.x
      value: -0.53
      objectReference: {fileID: 0}
    - target: {fileID: 1244598745653702146, guid: d344271d313980b41843a75885202bd2, type: 3}
      propertyPath: m_LocalPosition.y
      value: 17.5
      objectReference: {fileID: 0}
    - target: {fileID: 1244598745653702146, guid: d344271d313980b41843a75885202bd2, type: 3}
      propertyPath: m_LocalPosition.z
      value: 9.51
      objectReference: {fileID: 0}
    - target: {fileID: 1244598745653702146, guid: d344271d313980b41843a75885202bd2, type: 3}
      propertyPath: m_LocalRotation.w
      value: 1
      objectReference: {fileID: 0}
    - target: {fileID: 1244598745653702146, guid: d344271d313980b41843a75885202bd2, type: 3}
      propertyPath: m_LocalRotation.x
      value: 0
      objectReference: {fileID: 0}
    - target: {fileID: 1244598745653702146, guid: d344271d313980b41843a75885202bd2, type: 3}
      propertyPath: m_LocalRotation.y
      value: 0
      objectReference: {fileID: 0}
    - target: {fileID: 1244598745653702146, guid: d344271d313980b41843a75885202bd2, type: 3}
      propertyPath: m_LocalRotation.z
      value: 0
      objectReference: {fileID: 0}
    - target: {fileID: 1244598745653702146, guid: d344271d313980b41843a75885202bd2, type: 3}
      propertyPath: m_LocalEulerAnglesHint.x
      value: 0
      objectReference: {fileID: 0}
    - target: {fileID: 1244598745653702146, guid: d344271d313980b41843a75885202bd2, type: 3}
      propertyPath: m_LocalEulerAnglesHint.y
      value: 0
      objectReference: {fileID: 0}
    - target: {fileID: 1244598745653702146, guid: d344271d313980b41843a75885202bd2, type: 3}
      propertyPath: m_LocalEulerAnglesHint.z
      value: 0
      objectReference: {fileID: 0}
    - target: {fileID: 1244598745653702148, guid: d344271d313980b41843a75885202bd2, type: 3}
      propertyPath: m_Materials.Array.data[0]
      value: 
      objectReference: {fileID: 2100000, guid: 74947f085678eed49a6d4dcafeb60ab8, type: 2}
    - target: {fileID: 1244598745653702150, guid: d344271d313980b41843a75885202bd2, type: 3}
      propertyPath: m_Name
      value: BaseCube (17)
      objectReference: {fileID: 0}
    - target: {fileID: 1244598745653702150, guid: d344271d313980b41843a75885202bd2, type: 3}
      propertyPath: m_IsActive
      value: 1
      objectReference: {fileID: 0}
    - target: {fileID: 1244598746188261878, guid: d344271d313980b41843a75885202bd2, type: 3}
      propertyPath: m_Text
      value: 32
      objectReference: {fileID: 0}
    - target: {fileID: 1244598746319467436, guid: d344271d313980b41843a75885202bd2, type: 3}
      propertyPath: m_Text
      value: 32
      objectReference: {fileID: 0}
    - target: {fileID: 1244598746411284381, guid: d344271d313980b41843a75885202bd2, type: 3}
      propertyPath: m_Text
      value: 32
      objectReference: {fileID: 0}
    - target: {fileID: 1244598746741649336, guid: d344271d313980b41843a75885202bd2, type: 3}
      propertyPath: m_Text
      value: 32
      objectReference: {fileID: 0}
    - target: {fileID: 1244598747473107045, guid: d344271d313980b41843a75885202bd2, type: 3}
      propertyPath: m_Text
      value: 32
      objectReference: {fileID: 0}
    m_RemovedComponents: []
  m_SourcePrefab: {fileID: 100100000, guid: d344271d313980b41843a75885202bd2, type: 3}
--- !u!4 &1244598745890794711 stripped
Transform:
  m_CorrespondingSourceObject: {fileID: 1244598745653702146, guid: d344271d313980b41843a75885202bd2, type: 3}
  m_PrefabInstance: {fileID: 304235221}
  m_PrefabAsset: {fileID: 0}
--- !u!1 &1244598745890794707 stripped
GameObject:
  m_CorrespondingSourceObject: {fileID: 1244598745653702150, guid: d344271d313980b41843a75885202bd2, type: 3}
  m_PrefabInstance: {fileID: 304235221}
  m_PrefabAsset: {fileID: 0}
--- !u!1001 &376172164
PrefabInstance:
  m_ObjectHideFlags: 0
  serializedVersion: 2
  m_Modification:
    m_TransformParent: {fileID: 2113563917968290340}
    m_Modifications:
    - target: {fileID: 1244598745536752914, guid: d344271d313980b41843a75885202bd2, type: 3}
      propertyPath: m_Text
      value: 8
      objectReference: {fileID: 0}
    - target: {fileID: 1244598745653702146, guid: d344271d313980b41843a75885202bd2, type: 3}
      propertyPath: m_RootOrder
      value: 11
      objectReference: {fileID: 0}
    - target: {fileID: 1244598745653702146, guid: d344271d313980b41843a75885202bd2, type: 3}
      propertyPath: m_LocalPosition.x
      value: 1.6
      objectReference: {fileID: 0}
    - target: {fileID: 1244598745653702146, guid: d344271d313980b41843a75885202bd2, type: 3}
      propertyPath: m_LocalPosition.y
      value: 17.5
      objectReference: {fileID: 0}
    - target: {fileID: 1244598745653702146, guid: d344271d313980b41843a75885202bd2, type: 3}
      propertyPath: m_LocalPosition.z
      value: 7.21
      objectReference: {fileID: 0}
    - target: {fileID: 1244598745653702146, guid: d344271d313980b41843a75885202bd2, type: 3}
      propertyPath: m_LocalRotation.w
      value: 1
      objectReference: {fileID: 0}
    - target: {fileID: 1244598745653702146, guid: d344271d313980b41843a75885202bd2, type: 3}
      propertyPath: m_LocalRotation.x
      value: 0
      objectReference: {fileID: 0}
    - target: {fileID: 1244598745653702146, guid: d344271d313980b41843a75885202bd2, type: 3}
      propertyPath: m_LocalRotation.y
      value: 0
      objectReference: {fileID: 0}
    - target: {fileID: 1244598745653702146, guid: d344271d313980b41843a75885202bd2, type: 3}
      propertyPath: m_LocalRotation.z
      value: 0
      objectReference: {fileID: 0}
    - target: {fileID: 1244598745653702146, guid: d344271d313980b41843a75885202bd2, type: 3}
      propertyPath: m_LocalEulerAnglesHint.x
      value: 0
      objectReference: {fileID: 0}
    - target: {fileID: 1244598745653702146, guid: d344271d313980b41843a75885202bd2, type: 3}
      propertyPath: m_LocalEulerAnglesHint.y
      value: 0
      objectReference: {fileID: 0}
    - target: {fileID: 1244598745653702146, guid: d344271d313980b41843a75885202bd2, type: 3}
      propertyPath: m_LocalEulerAnglesHint.z
      value: 0
      objectReference: {fileID: 0}
    - target: {fileID: 1244598745653702148, guid: d344271d313980b41843a75885202bd2, type: 3}
      propertyPath: m_Materials.Array.data[0]
      value: 
      objectReference: {fileID: 2100000, guid: 2dd271f31e4cba24abf188e6efa78de5, type: 2}
    - target: {fileID: 1244598745653702150, guid: d344271d313980b41843a75885202bd2, type: 3}
      propertyPath: m_Name
      value: BaseCube (11)
      objectReference: {fileID: 0}
    - target: {fileID: 1244598745653702150, guid: d344271d313980b41843a75885202bd2, type: 3}
      propertyPath: m_IsActive
      value: 1
      objectReference: {fileID: 0}
    - target: {fileID: 1244598746188261878, guid: d344271d313980b41843a75885202bd2, type: 3}
      propertyPath: m_Text
      value: 8
      objectReference: {fileID: 0}
    - target: {fileID: 1244598746319467436, guid: d344271d313980b41843a75885202bd2, type: 3}
      propertyPath: m_Text
      value: 8
      objectReference: {fileID: 0}
    - target: {fileID: 1244598746411284381, guid: d344271d313980b41843a75885202bd2, type: 3}
      propertyPath: m_Text
      value: 8
      objectReference: {fileID: 0}
    - target: {fileID: 1244598746741649336, guid: d344271d313980b41843a75885202bd2, type: 3}
      propertyPath: m_Text
      value: 8
      objectReference: {fileID: 0}
    - target: {fileID: 1244598747473107045, guid: d344271d313980b41843a75885202bd2, type: 3}
      propertyPath: m_Text
      value: 8
      objectReference: {fileID: 0}
    m_RemovedComponents: []
  m_SourcePrefab: {fileID: 100100000, guid: d344271d313980b41843a75885202bd2, type: 3}
--- !u!1 &1244598745962512514 stripped
GameObject:
  m_CorrespondingSourceObject: {fileID: 1244598745653702150, guid: d344271d313980b41843a75885202bd2, type: 3}
  m_PrefabInstance: {fileID: 376172164}
  m_PrefabAsset: {fileID: 0}
--- !u!4 &1244598745962512518 stripped
Transform:
  m_CorrespondingSourceObject: {fileID: 1244598745653702146, guid: d344271d313980b41843a75885202bd2, type: 3}
  m_PrefabInstance: {fileID: 376172164}
  m_PrefabAsset: {fileID: 0}
--- !u!1001 &408129659
PrefabInstance:
  m_ObjectHideFlags: 0
  serializedVersion: 2
  m_Modification:
    m_TransformParent: {fileID: 2113563917968290340}
    m_Modifications:
    - target: {fileID: 1244598745536752914, guid: d344271d313980b41843a75885202bd2, type: 3}
      propertyPath: m_Text
      value: 16
      objectReference: {fileID: 0}
    - target: {fileID: 1244598745653702146, guid: d344271d313980b41843a75885202bd2, type: 3}
      propertyPath: m_RootOrder
      value: 15
      objectReference: {fileID: 0}
    - target: {fileID: 1244598745653702146, guid: d344271d313980b41843a75885202bd2, type: 3}
      propertyPath: m_LocalPosition.x
      value: 1.6
      objectReference: {fileID: 0}
    - target: {fileID: 1244598745653702146, guid: d344271d313980b41843a75885202bd2, type: 3}
      propertyPath: m_LocalPosition.y
      value: 19.5
      objectReference: {fileID: 0}
    - target: {fileID: 1244598745653702146, guid: d344271d313980b41843a75885202bd2, type: 3}
      propertyPath: m_LocalPosition.z
      value: 8.36
      objectReference: {fileID: 0}
    - target: {fileID: 1244598745653702146, guid: d344271d313980b41843a75885202bd2, type: 3}
      propertyPath: m_LocalRotation.w
      value: 1
      objectReference: {fileID: 0}
    - target: {fileID: 1244598745653702146, guid: d344271d313980b41843a75885202bd2, type: 3}
      propertyPath: m_LocalRotation.x
      value: 0
      objectReference: {fileID: 0}
    - target: {fileID: 1244598745653702146, guid: d344271d313980b41843a75885202bd2, type: 3}
      propertyPath: m_LocalRotation.y
      value: 0
      objectReference: {fileID: 0}
    - target: {fileID: 1244598745653702146, guid: d344271d313980b41843a75885202bd2, type: 3}
      propertyPath: m_LocalRotation.z
      value: 0
      objectReference: {fileID: 0}
    - target: {fileID: 1244598745653702146, guid: d344271d313980b41843a75885202bd2, type: 3}
      propertyPath: m_LocalEulerAnglesHint.x
      value: 0
      objectReference: {fileID: 0}
    - target: {fileID: 1244598745653702146, guid: d344271d313980b41843a75885202bd2, type: 3}
      propertyPath: m_LocalEulerAnglesHint.y
      value: 0
      objectReference: {fileID: 0}
    - target: {fileID: 1244598745653702146, guid: d344271d313980b41843a75885202bd2, type: 3}
      propertyPath: m_LocalEulerAnglesHint.z
      value: 0
      objectReference: {fileID: 0}
    - target: {fileID: 1244598745653702148, guid: d344271d313980b41843a75885202bd2, type: 3}
      propertyPath: m_Materials.Array.data[0]
      value: 
      objectReference: {fileID: 2100000, guid: 531ce85569651944b92f38e8df9b1daf, type: 2}
    - target: {fileID: 1244598745653702150, guid: d344271d313980b41843a75885202bd2, type: 3}
      propertyPath: m_Name
      value: BaseCube (15)
      objectReference: {fileID: 0}
    - target: {fileID: 1244598745653702150, guid: d344271d313980b41843a75885202bd2, type: 3}
      propertyPath: m_IsActive
      value: 1
      objectReference: {fileID: 0}
    - target: {fileID: 1244598746188261878, guid: d344271d313980b41843a75885202bd2, type: 3}
      propertyPath: m_Text
      value: 16
      objectReference: {fileID: 0}
    - target: {fileID: 1244598746319467436, guid: d344271d313980b41843a75885202bd2, type: 3}
      propertyPath: m_Text
      value: 16
      objectReference: {fileID: 0}
    - target: {fileID: 1244598746411284381, guid: d344271d313980b41843a75885202bd2, type: 3}
      propertyPath: m_Text
      value: 16
      objectReference: {fileID: 0}
    - target: {fileID: 1244598746741649336, guid: d344271d313980b41843a75885202bd2, type: 3}
      propertyPath: m_Text
      value: 16
      objectReference: {fileID: 0}
    - target: {fileID: 1244598747473107045, guid: d344271d313980b41843a75885202bd2, type: 3}
      propertyPath: m_Text
      value: 16
      objectReference: {fileID: 0}
    m_RemovedComponents: []
  m_SourcePrefab: {fileID: 100100000, guid: d344271d313980b41843a75885202bd2, type: 3}
--- !u!4 &1244598745791102585 stripped
Transform:
  m_CorrespondingSourceObject: {fileID: 1244598745653702146, guid: d344271d313980b41843a75885202bd2, type: 3}
  m_PrefabInstance: {fileID: 408129659}
  m_PrefabAsset: {fileID: 0}
--- !u!1 &1244598745791102589 stripped
GameObject:
  m_CorrespondingSourceObject: {fileID: 1244598745653702150, guid: d344271d313980b41843a75885202bd2, type: 3}
  m_PrefabInstance: {fileID: 408129659}
  m_PrefabAsset: {fileID: 0}
--- !u!1001 &682667850
PrefabInstance:
  m_ObjectHideFlags: 0
  serializedVersion: 2
  m_Modification:
    m_TransformParent: {fileID: 2113563917968290340}
    m_Modifications:
    - target: {fileID: 1244598745536752914, guid: d344271d313980b41843a75885202bd2, type: 3}
      propertyPath: m_Text
      value: 32
      objectReference: {fileID: 0}
    - target: {fileID: 1244598745653702146, guid: d344271d313980b41843a75885202bd2, type: 3}
      propertyPath: m_RootOrder
      value: 19
      objectReference: {fileID: 0}
    - target: {fileID: 1244598745653702146, guid: d344271d313980b41843a75885202bd2, type: 3}
      propertyPath: m_LocalPosition.x
      value: 1.6
      objectReference: {fileID: 0}
    - target: {fileID: 1244598745653702146, guid: d344271d313980b41843a75885202bd2, type: 3}
      propertyPath: m_LocalPosition.y
      value: 21.5
      objectReference: {fileID: 0}
    - target: {fileID: 1244598745653702146, guid: d344271d313980b41843a75885202bd2, type: 3}
      propertyPath: m_LocalPosition.z
      value: 9.51
      objectReference: {fileID: 0}
    - target: {fileID: 1244598745653702146, guid: d344271d313980b41843a75885202bd2, type: 3}
      propertyPath: m_LocalRotation.w
      value: 1
      objectReference: {fileID: 0}
    - target: {fileID: 1244598745653702146, guid: d344271d313980b41843a75885202bd2, type: 3}
      propertyPath: m_LocalRotation.x
      value: 0
      objectReference: {fileID: 0}
    - target: {fileID: 1244598745653702146, guid: d344271d313980b41843a75885202bd2, type: 3}
      propertyPath: m_LocalRotation.y
      value: 0
      objectReference: {fileID: 0}
    - target: {fileID: 1244598745653702146, guid: d344271d313980b41843a75885202bd2, type: 3}
      propertyPath: m_LocalRotation.z
      value: 0
      objectReference: {fileID: 0}
    - target: {fileID: 1244598745653702146, guid: d344271d313980b41843a75885202bd2, type: 3}
      propertyPath: m_LocalEulerAnglesHint.x
      value: 0
      objectReference: {fileID: 0}
    - target: {fileID: 1244598745653702146, guid: d344271d313980b41843a75885202bd2, type: 3}
      propertyPath: m_LocalEulerAnglesHint.y
      value: 0
      objectReference: {fileID: 0}
    - target: {fileID: 1244598745653702146, guid: d344271d313980b41843a75885202bd2, type: 3}
      propertyPath: m_LocalEulerAnglesHint.z
      value: 0
      objectReference: {fileID: 0}
    - target: {fileID: 1244598745653702148, guid: d344271d313980b41843a75885202bd2, type: 3}
      propertyPath: m_Materials.Array.data[0]
      value: 
      objectReference: {fileID: 2100000, guid: 74947f085678eed49a6d4dcafeb60ab8, type: 2}
    - target: {fileID: 1244598745653702150, guid: d344271d313980b41843a75885202bd2, type: 3}
      propertyPath: m_Name
      value: BaseCube (19)
      objectReference: {fileID: 0}
    - target: {fileID: 1244598745653702150, guid: d344271d313980b41843a75885202bd2, type: 3}
      propertyPath: m_IsActive
      value: 1
      objectReference: {fileID: 0}
    - target: {fileID: 1244598746188261878, guid: d344271d313980b41843a75885202bd2, type: 3}
      propertyPath: m_Text
      value: 32
      objectReference: {fileID: 0}
    - target: {fileID: 1244598746319467436, guid: d344271d313980b41843a75885202bd2, type: 3}
      propertyPath: m_Text
      value: 32
      objectReference: {fileID: 0}
    - target: {fileID: 1244598746411284381, guid: d344271d313980b41843a75885202bd2, type: 3}
      propertyPath: m_Text
      value: 32
      objectReference: {fileID: 0}
    - target: {fileID: 1244598746741649336, guid: d344271d313980b41843a75885202bd2, type: 3}
      propertyPath: m_Text
      value: 32
      objectReference: {fileID: 0}
    - target: {fileID: 1244598747473107045, guid: d344271d313980b41843a75885202bd2, type: 3}
      propertyPath: m_Text
      value: 32
      objectReference: {fileID: 0}
    m_RemovedComponents: []
  m_SourcePrefab: {fileID: 100100000, guid: d344271d313980b41843a75885202bd2, type: 3}
--- !u!1 &1244598746048971084 stripped
GameObject:
  m_CorrespondingSourceObject: {fileID: 1244598745653702150, guid: d344271d313980b41843a75885202bd2, type: 3}
  m_PrefabInstance: {fileID: 682667850}
  m_PrefabAsset: {fileID: 0}
--- !u!4 &1244598746048971080 stripped
Transform:
  m_CorrespondingSourceObject: {fileID: 1244598745653702146, guid: d344271d313980b41843a75885202bd2, type: 3}
  m_PrefabInstance: {fileID: 682667850}
  m_PrefabAsset: {fileID: 0}
--- !u!1001 &870786186
PrefabInstance:
  m_ObjectHideFlags: 0
  serializedVersion: 2
  m_Modification:
    m_TransformParent: {fileID: 2113563917968290340}
    m_Modifications:
    - target: {fileID: 1244598745536752914, guid: d344271d313980b41843a75885202bd2, type: 3}
      propertyPath: m_Text
      value: 32
      objectReference: {fileID: 0}
    - target: {fileID: 1244598745653702146, guid: d344271d313980b41843a75885202bd2, type: 3}
      propertyPath: m_RootOrder
      value: 16
      objectReference: {fileID: 0}
    - target: {fileID: 1244598745653702146, guid: d344271d313980b41843a75885202bd2, type: 3}
      propertyPath: m_LocalPosition.x
      value: -1.6
      objectReference: {fileID: 0}
    - target: {fileID: 1244598745653702146, guid: d344271d313980b41843a75885202bd2, type: 3}
      propertyPath: m_LocalPosition.y
      value: 16.5
      objectReference: {fileID: 0}
    - target: {fileID: 1244598745653702146, guid: d344271d313980b41843a75885202bd2, type: 3}
      propertyPath: m_LocalPosition.z
      value: 9.51
      objectReference: {fileID: 0}
    - target: {fileID: 1244598745653702146, guid: d344271d313980b41843a75885202bd2, type: 3}
      propertyPath: m_LocalRotation.w
      value: 1
      objectReference: {fileID: 0}
    - target: {fileID: 1244598745653702146, guid: d344271d313980b41843a75885202bd2, type: 3}
      propertyPath: m_LocalRotation.x
      value: 0
      objectReference: {fileID: 0}
    - target: {fileID: 1244598745653702146, guid: d344271d313980b41843a75885202bd2, type: 3}
      propertyPath: m_LocalRotation.y
      value: 0
      objectReference: {fileID: 0}
    - target: {fileID: 1244598745653702146, guid: d344271d313980b41843a75885202bd2, type: 3}
      propertyPath: m_LocalRotation.z
      value: 0
      objectReference: {fileID: 0}
    - target: {fileID: 1244598745653702146, guid: d344271d313980b41843a75885202bd2, type: 3}
      propertyPath: m_LocalEulerAnglesHint.x
      value: 0
      objectReference: {fileID: 0}
    - target: {fileID: 1244598745653702146, guid: d344271d313980b41843a75885202bd2, type: 3}
      propertyPath: m_LocalEulerAnglesHint.y
      value: 0
      objectReference: {fileID: 0}
    - target: {fileID: 1244598745653702146, guid: d344271d313980b41843a75885202bd2, type: 3}
      propertyPath: m_LocalEulerAnglesHint.z
      value: 0
      objectReference: {fileID: 0}
    - target: {fileID: 1244598745653702148, guid: d344271d313980b41843a75885202bd2, type: 3}
      propertyPath: m_Materials.Array.data[0]
      value: 
      objectReference: {fileID: 2100000, guid: 74947f085678eed49a6d4dcafeb60ab8, type: 2}
    - target: {fileID: 1244598745653702150, guid: d344271d313980b41843a75885202bd2, type: 3}
      propertyPath: m_Name
      value: BaseCube (16)
      objectReference: {fileID: 0}
    - target: {fileID: 1244598745653702150, guid: d344271d313980b41843a75885202bd2, type: 3}
      propertyPath: m_IsActive
      value: 1
      objectReference: {fileID: 0}
    - target: {fileID: 1244598746188261878, guid: d344271d313980b41843a75885202bd2, type: 3}
      propertyPath: m_Text
      value: 32
      objectReference: {fileID: 0}
    - target: {fileID: 1244598746319467436, guid: d344271d313980b41843a75885202bd2, type: 3}
      propertyPath: m_Text
      value: 32
      objectReference: {fileID: 0}
    - target: {fileID: 1244598746411284381, guid: d344271d313980b41843a75885202bd2, type: 3}
      propertyPath: m_Text
      value: 32
      objectReference: {fileID: 0}
    - target: {fileID: 1244598746741649336, guid: d344271d313980b41843a75885202bd2, type: 3}
      propertyPath: m_Text
      value: 32
      objectReference: {fileID: 0}
    - target: {fileID: 1244598747473107045, guid: d344271d313980b41843a75885202bd2, type: 3}
      propertyPath: m_Text
      value: 32
      objectReference: {fileID: 0}
    m_RemovedComponents: []
  m_SourcePrefab: {fileID: 100100000, guid: d344271d313980b41843a75885202bd2, type: 3}
--- !u!4 &1244598746439928456 stripped
Transform:
  m_CorrespondingSourceObject: {fileID: 1244598745653702146, guid: d344271d313980b41843a75885202bd2, type: 3}
  m_PrefabInstance: {fileID: 870786186}
  m_PrefabAsset: {fileID: 0}
--- !u!1 &1244598746439928460 stripped
GameObject:
  m_CorrespondingSourceObject: {fileID: 1244598745653702150, guid: d344271d313980b41843a75885202bd2, type: 3}
  m_PrefabInstance: {fileID: 870786186}
  m_PrefabAsset: {fileID: 0}
--- !u!1001 &882881809
PrefabInstance:
  m_ObjectHideFlags: 0
  serializedVersion: 2
  m_Modification:
    m_TransformParent: {fileID: 2113563917968290340}
    m_Modifications:
    - target: {fileID: 1244598745536752914, guid: d344271d313980b41843a75885202bd2, type: 3}
      propertyPath: m_Text
      value: 8
      objectReference: {fileID: 0}
    - target: {fileID: 1244598745653702146, guid: d344271d313980b41843a75885202bd2, type: 3}
      propertyPath: m_RootOrder
      value: 9
      objectReference: {fileID: 0}
    - target: {fileID: 1244598745653702146, guid: d344271d313980b41843a75885202bd2, type: 3}
      propertyPath: m_LocalPosition.x
      value: -0.53
      objectReference: {fileID: 0}
    - target: {fileID: 1244598745653702146, guid: d344271d313980b41843a75885202bd2, type: 3}
      propertyPath: m_LocalPosition.y
      value: 13.5
      objectReference: {fileID: 0}
    - target: {fileID: 1244598745653702146, guid: d344271d313980b41843a75885202bd2, type: 3}
      propertyPath: m_LocalPosition.z
      value: 7.21
      objectReference: {fileID: 0}
    - target: {fileID: 1244598745653702146, guid: d344271d313980b41843a75885202bd2, type: 3}
      propertyPath: m_LocalRotation.w
      value: 1
      objectReference: {fileID: 0}
    - target: {fileID: 1244598745653702146, guid: d344271d313980b41843a75885202bd2, type: 3}
      propertyPath: m_LocalRotation.x
      value: 0
      objectReference: {fileID: 0}
    - target: {fileID: 1244598745653702146, guid: d344271d313980b41843a75885202bd2, type: 3}
      propertyPath: m_LocalRotation.y
      value: 0
      objectReference: {fileID: 0}
    - target: {fileID: 1244598745653702146, guid: d344271d313980b41843a75885202bd2, type: 3}
      propertyPath: m_LocalRotation.z
      value: 0
      objectReference: {fileID: 0}
    - target: {fileID: 1244598745653702146, guid: d344271d313980b41843a75885202bd2, type: 3}
      propertyPath: m_LocalEulerAnglesHint.x
      value: 0
      objectReference: {fileID: 0}
    - target: {fileID: 1244598745653702146, guid: d344271d313980b41843a75885202bd2, type: 3}
      propertyPath: m_LocalEulerAnglesHint.y
      value: 0
      objectReference: {fileID: 0}
    - target: {fileID: 1244598745653702146, guid: d344271d313980b41843a75885202bd2, type: 3}
      propertyPath: m_LocalEulerAnglesHint.z
      value: 0
      objectReference: {fileID: 0}
    - target: {fileID: 1244598745653702148, guid: d344271d313980b41843a75885202bd2, type: 3}
      propertyPath: m_Materials.Array.data[0]
      value: 
      objectReference: {fileID: 2100000, guid: 2dd271f31e4cba24abf188e6efa78de5, type: 2}
    - target: {fileID: 1244598745653702150, guid: d344271d313980b41843a75885202bd2, type: 3}
      propertyPath: m_Name
      value: BaseCube (9)
      objectReference: {fileID: 0}
    - target: {fileID: 1244598745653702150, guid: d344271d313980b41843a75885202bd2, type: 3}
      propertyPath: m_IsActive
      value: 1
      objectReference: {fileID: 0}
    - target: {fileID: 1244598746188261878, guid: d344271d313980b41843a75885202bd2, type: 3}
      propertyPath: m_Text
      value: 8
      objectReference: {fileID: 0}
    - target: {fileID: 1244598746319467436, guid: d344271d313980b41843a75885202bd2, type: 3}
      propertyPath: m_Text
      value: 8
      objectReference: {fileID: 0}
    - target: {fileID: 1244598746411284381, guid: d344271d313980b41843a75885202bd2, type: 3}
      propertyPath: m_Text
      value: 8
      objectReference: {fileID: 0}
    - target: {fileID: 1244598746741649336, guid: d344271d313980b41843a75885202bd2, type: 3}
      propertyPath: m_Text
      value: 8
      objectReference: {fileID: 0}
    - target: {fileID: 1244598747473107045, guid: d344271d313980b41843a75885202bd2, type: 3}
      propertyPath: m_Text
      value: 8
      objectReference: {fileID: 0}
    m_RemovedComponents: []
  m_SourcePrefab: {fileID: 100100000, guid: d344271d313980b41843a75885202bd2, type: 3}
--- !u!4 &1244598746516970259 stripped
Transform:
  m_CorrespondingSourceObject: {fileID: 1244598745653702146, guid: d344271d313980b41843a75885202bd2, type: 3}
  m_PrefabInstance: {fileID: 882881809}
  m_PrefabAsset: {fileID: 0}
--- !u!1 &1244598746516970263 stripped
GameObject:
  m_CorrespondingSourceObject: {fileID: 1244598745653702150, guid: d344271d313980b41843a75885202bd2, type: 3}
  m_PrefabInstance: {fileID: 882881809}
  m_PrefabAsset: {fileID: 0}
--- !u!1001 &1438674109
PrefabInstance:
  m_ObjectHideFlags: 0
  serializedVersion: 2
  m_Modification:
    m_TransformParent: {fileID: 2113563917968290340}
    m_Modifications:
    - target: {fileID: 1244598745536752914, guid: d344271d313980b41843a75885202bd2, type: 3}
      propertyPath: m_Text
      value: 32
      objectReference: {fileID: 0}
    - target: {fileID: 1244598745653702146, guid: d344271d313980b41843a75885202bd2, type: 3}
      propertyPath: m_RootOrder
      value: 18
      objectReference: {fileID: 0}
    - target: {fileID: 1244598745653702146, guid: d344271d313980b41843a75885202bd2, type: 3}
      propertyPath: m_LocalPosition.x
      value: 0.53
      objectReference: {fileID: 0}
    - target: {fileID: 1244598745653702146, guid: d344271d313980b41843a75885202bd2, type: 3}
      propertyPath: m_LocalPosition.y
      value: 20.5
      objectReference: {fileID: 0}
    - target: {fileID: 1244598745653702146, guid: d344271d313980b41843a75885202bd2, type: 3}
      propertyPath: m_LocalPosition.z
      value: 9.51
      objectReference: {fileID: 0}
    - target: {fileID: 1244598745653702146, guid: d344271d313980b41843a75885202bd2, type: 3}
      propertyPath: m_LocalRotation.w
      value: 1
      objectReference: {fileID: 0}
    - target: {fileID: 1244598745653702146, guid: d344271d313980b41843a75885202bd2, type: 3}
      propertyPath: m_LocalRotation.x
      value: 0
      objectReference: {fileID: 0}
    - target: {fileID: 1244598745653702146, guid: d344271d313980b41843a75885202bd2, type: 3}
      propertyPath: m_LocalRotation.y
      value: 0
      objectReference: {fileID: 0}
    - target: {fileID: 1244598745653702146, guid: d344271d313980b41843a75885202bd2, type: 3}
      propertyPath: m_LocalRotation.z
      value: 0
      objectReference: {fileID: 0}
    - target: {fileID: 1244598745653702146, guid: d344271d313980b41843a75885202bd2, type: 3}
      propertyPath: m_LocalEulerAnglesHint.x
      value: 0
      objectReference: {fileID: 0}
    - target: {fileID: 1244598745653702146, guid: d344271d313980b41843a75885202bd2, type: 3}
      propertyPath: m_LocalEulerAnglesHint.y
      value: 0
      objectReference: {fileID: 0}
    - target: {fileID: 1244598745653702146, guid: d344271d313980b41843a75885202bd2, type: 3}
      propertyPath: m_LocalEulerAnglesHint.z
      value: 0
      objectReference: {fileID: 0}
    - target: {fileID: 1244598745653702148, guid: d344271d313980b41843a75885202bd2, type: 3}
      propertyPath: m_Materials.Array.data[0]
      value: 
      objectReference: {fileID: 2100000, guid: 74947f085678eed49a6d4dcafeb60ab8, type: 2}
    - target: {fileID: 1244598745653702150, guid: d344271d313980b41843a75885202bd2, type: 3}
      propertyPath: m_Name
      value: BaseCube (18)
      objectReference: {fileID: 0}
    - target: {fileID: 1244598745653702150, guid: d344271d313980b41843a75885202bd2, type: 3}
      propertyPath: m_IsActive
      value: 1
      objectReference: {fileID: 0}
    - target: {fileID: 1244598746188261878, guid: d344271d313980b41843a75885202bd2, type: 3}
      propertyPath: m_Text
      value: 32
      objectReference: {fileID: 0}
    - target: {fileID: 1244598746319467436, guid: d344271d313980b41843a75885202bd2, type: 3}
      propertyPath: m_Text
      value: 32
      objectReference: {fileID: 0}
    - target: {fileID: 1244598746411284381, guid: d344271d313980b41843a75885202bd2, type: 3}
      propertyPath: m_Text
      value: 32
      objectReference: {fileID: 0}
    - target: {fileID: 1244598746741649336, guid: d344271d313980b41843a75885202bd2, type: 3}
      propertyPath: m_Text
      value: 32
      objectReference: {fileID: 0}
    - target: {fileID: 1244598747473107045, guid: d344271d313980b41843a75885202bd2, type: 3}
      propertyPath: m_Text
      value: 32
      objectReference: {fileID: 0}
    m_RemovedComponents: []
  m_SourcePrefab: {fileID: 100100000, guid: d344271d313980b41843a75885202bd2, type: 3}
--- !u!1 &1244598747075543739 stripped
GameObject:
  m_CorrespondingSourceObject: {fileID: 1244598745653702150, guid: d344271d313980b41843a75885202bd2, type: 3}
  m_PrefabInstance: {fileID: 1438674109}
  m_PrefabAsset: {fileID: 0}
--- !u!4 &1244598747075543743 stripped
Transform:
  m_CorrespondingSourceObject: {fileID: 1244598745653702146, guid: d344271d313980b41843a75885202bd2, type: 3}
  m_PrefabInstance: {fileID: 1438674109}
  m_PrefabAsset: {fileID: 0}
--- !u!1001 &1758886858
PrefabInstance:
  m_ObjectHideFlags: 0
  serializedVersion: 2
  m_Modification:
    m_TransformParent: {fileID: 2113563917968290340}
    m_Modifications:
    - target: {fileID: 1244598745536752914, guid: d344271d313980b41843a75885202bd2, type: 3}
      propertyPath: m_Text
      value: 16
      objectReference: {fileID: 0}
    - target: {fileID: 1244598745653702146, guid: d344271d313980b41843a75885202bd2, type: 3}
      propertyPath: m_RootOrder
      value: 14
      objectReference: {fileID: 0}
    - target: {fileID: 1244598745653702146, guid: d344271d313980b41843a75885202bd2, type: 3}
      propertyPath: m_LocalPosition.x
      value: 0.53
      objectReference: {fileID: 0}
    - target: {fileID: 1244598745653702146, guid: d344271d313980b41843a75885202bd2, type: 3}
      propertyPath: m_LocalPosition.y
      value: 18.5
      objectReference: {fileID: 0}
    - target: {fileID: 1244598745653702146, guid: d344271d313980b41843a75885202bd2, type: 3}
      propertyPath: m_LocalPosition.z
      value: 8.36
      objectReference: {fileID: 0}
    - target: {fileID: 1244598745653702146, guid: d344271d313980b41843a75885202bd2, type: 3}
      propertyPath: m_LocalRotation.w
      value: 1
      objectReference: {fileID: 0}
    - target: {fileID: 1244598745653702146, guid: d344271d313980b41843a75885202bd2, type: 3}
      propertyPath: m_LocalRotation.x
      value: 0
      objectReference: {fileID: 0}
    - target: {fileID: 1244598745653702146, guid: d344271d313980b41843a75885202bd2, type: 3}
      propertyPath: m_LocalRotation.y
      value: 0
      objectReference: {fileID: 0}
    - target: {fileID: 1244598745653702146, guid: d344271d313980b41843a75885202bd2, type: 3}
      propertyPath: m_LocalRotation.z
      value: 0
      objectReference: {fileID: 0}
    - target: {fileID: 1244598745653702146, guid: d344271d313980b41843a75885202bd2, type: 3}
      propertyPath: m_LocalEulerAnglesHint.x
      value: 0
      objectReference: {fileID: 0}
    - target: {fileID: 1244598745653702146, guid: d344271d313980b41843a75885202bd2, type: 3}
      propertyPath: m_LocalEulerAnglesHint.y
      value: 0
      objectReference: {fileID: 0}
    - target: {fileID: 1244598745653702146, guid: d344271d313980b41843a75885202bd2, type: 3}
      propertyPath: m_LocalEulerAnglesHint.z
      value: 0
      objectReference: {fileID: 0}
    - target: {fileID: 1244598745653702148, guid: d344271d313980b41843a75885202bd2, type: 3}
      propertyPath: m_Materials.Array.data[0]
      value: 
      objectReference: {fileID: 2100000, guid: 531ce85569651944b92f38e8df9b1daf, type: 2}
    - target: {fileID: 1244598745653702150, guid: d344271d313980b41843a75885202bd2, type: 3}
      propertyPath: m_Name
      value: BaseCube (14)
      objectReference: {fileID: 0}
    - target: {fileID: 1244598745653702150, guid: d344271d313980b41843a75885202bd2, type: 3}
      propertyPath: m_IsActive
      value: 1
      objectReference: {fileID: 0}
    - target: {fileID: 1244598746188261878, guid: d344271d313980b41843a75885202bd2, type: 3}
      propertyPath: m_Text
      value: 16
      objectReference: {fileID: 0}
    - target: {fileID: 1244598746319467436, guid: d344271d313980b41843a75885202bd2, type: 3}
      propertyPath: m_Text
      value: 16
      objectReference: {fileID: 0}
    - target: {fileID: 1244598746411284381, guid: d344271d313980b41843a75885202bd2, type: 3}
      propertyPath: m_Text
      value: 16
      objectReference: {fileID: 0}
    - target: {fileID: 1244598746741649336, guid: d344271d313980b41843a75885202bd2, type: 3}
      propertyPath: m_Text
      value: 16
      objectReference: {fileID: 0}
    - target: {fileID: 1244598747473107045, guid: d344271d313980b41843a75885202bd2, type: 3}
      propertyPath: m_Text
      value: 16
      objectReference: {fileID: 0}
    m_RemovedComponents: []
  m_SourcePrefab: {fileID: 100100000, guid: d344271d313980b41843a75885202bd2, type: 3}
--- !u!4 &1244598747124700616 stripped
Transform:
  m_CorrespondingSourceObject: {fileID: 1244598745653702146, guid: d344271d313980b41843a75885202bd2, type: 3}
  m_PrefabInstance: {fileID: 1758886858}
  m_PrefabAsset: {fileID: 0}
--- !u!1 &1244598747124700620 stripped
GameObject:
  m_CorrespondingSourceObject: {fileID: 1244598745653702150, guid: d344271d313980b41843a75885202bd2, type: 3}
  m_PrefabInstance: {fileID: 1758886858}
  m_PrefabAsset: {fileID: 0}
--- !u!1001 &1801643805
PrefabInstance:
  m_ObjectHideFlags: 0
  serializedVersion: 2
  m_Modification:
    m_TransformParent: {fileID: 2113563917968290340}
    m_Modifications:
    - target: {fileID: 1244598745536752914, guid: d344271d313980b41843a75885202bd2, type: 3}
      propertyPath: m_Text
      value: 8
      objectReference: {fileID: 0}
    - target: {fileID: 1244598745653702146, guid: d344271d313980b41843a75885202bd2, type: 3}
      propertyPath: m_RootOrder
      value: 10
      objectReference: {fileID: 0}
    - target: {fileID: 1244598745653702146, guid: d344271d313980b41843a75885202bd2, type: 3}
      propertyPath: m_LocalPosition.x
      value: 0.53
      objectReference: {fileID: 0}
    - target: {fileID: 1244598745653702146, guid: d344271d313980b41843a75885202bd2, type: 3}
      propertyPath: m_LocalPosition.y
      value: 16.5
      objectReference: {fileID: 0}
    - target: {fileID: 1244598745653702146, guid: d344271d313980b41843a75885202bd2, type: 3}
      propertyPath: m_LocalPosition.z
      value: 7.21
      objectReference: {fileID: 0}
    - target: {fileID: 1244598745653702146, guid: d344271d313980b41843a75885202bd2, type: 3}
      propertyPath: m_LocalRotation.w
      value: 1
      objectReference: {fileID: 0}
    - target: {fileID: 1244598745653702146, guid: d344271d313980b41843a75885202bd2, type: 3}
      propertyPath: m_LocalRotation.x
      value: 0
      objectReference: {fileID: 0}
    - target: {fileID: 1244598745653702146, guid: d344271d313980b41843a75885202bd2, type: 3}
      propertyPath: m_LocalRotation.y
      value: 0
      objectReference: {fileID: 0}
    - target: {fileID: 1244598745653702146, guid: d344271d313980b41843a75885202bd2, type: 3}
      propertyPath: m_LocalRotation.z
      value: 0
      objectReference: {fileID: 0}
    - target: {fileID: 1244598745653702146, guid: d344271d313980b41843a75885202bd2, type: 3}
      propertyPath: m_LocalEulerAnglesHint.x
      value: 0
      objectReference: {fileID: 0}
    - target: {fileID: 1244598745653702146, guid: d344271d313980b41843a75885202bd2, type: 3}
      propertyPath: m_LocalEulerAnglesHint.y
      value: 0
      objectReference: {fileID: 0}
    - target: {fileID: 1244598745653702146, guid: d344271d313980b41843a75885202bd2, type: 3}
      propertyPath: m_LocalEulerAnglesHint.z
      value: 0
      objectReference: {fileID: 0}
    - target: {fileID: 1244598745653702148, guid: d344271d313980b41843a75885202bd2, type: 3}
      propertyPath: m_Materials.Array.data[0]
      value: 
      objectReference: {fileID: 2100000, guid: 2dd271f31e4cba24abf188e6efa78de5, type: 2}
    - target: {fileID: 1244598745653702150, guid: d344271d313980b41843a75885202bd2, type: 3}
      propertyPath: m_Name
      value: BaseCube (10)
      objectReference: {fileID: 0}
    - target: {fileID: 1244598745653702150, guid: d344271d313980b41843a75885202bd2, type: 3}
      propertyPath: m_IsActive
      value: 1
      objectReference: {fileID: 0}
    - target: {fileID: 1244598746188261878, guid: d344271d313980b41843a75885202bd2, type: 3}
      propertyPath: m_Text
      value: 8
      objectReference: {fileID: 0}
    - target: {fileID: 1244598746319467436, guid: d344271d313980b41843a75885202bd2, type: 3}
      propertyPath: m_Text
      value: 8
      objectReference: {fileID: 0}
    - target: {fileID: 1244598746411284381, guid: d344271d313980b41843a75885202bd2, type: 3}
      propertyPath: m_Text
      value: 8
      objectReference: {fileID: 0}
    - target: {fileID: 1244598746741649336, guid: d344271d313980b41843a75885202bd2, type: 3}
      propertyPath: m_Text
      value: 8
      objectReference: {fileID: 0}
    - target: {fileID: 1244598747473107045, guid: d344271d313980b41843a75885202bd2, type: 3}
      propertyPath: m_Text
      value: 8
      objectReference: {fileID: 0}
    m_RemovedComponents: []
  m_SourcePrefab: {fileID: 100100000, guid: d344271d313980b41843a75885202bd2, type: 3}
--- !u!4 &1244598747119683871 stripped
Transform:
  m_CorrespondingSourceObject: {fileID: 1244598745653702146, guid: d344271d313980b41843a75885202bd2, type: 3}
  m_PrefabInstance: {fileID: 1801643805}
  m_PrefabAsset: {fileID: 0}
--- !u!1 &1244598747119683867 stripped
GameObject:
  m_CorrespondingSourceObject: {fileID: 1244598745653702150, guid: d344271d313980b41843a75885202bd2, type: 3}
  m_PrefabInstance: {fileID: 1801643805}
  m_PrefabAsset: {fileID: 0}
--- !u!1001 &1912143493
PrefabInstance:
  m_ObjectHideFlags: 0
  serializedVersion: 2
  m_Modification:
    m_TransformParent: {fileID: 2113563917968290340}
    m_Modifications:
    - target: {fileID: 1244598745536752914, guid: d344271d313980b41843a75885202bd2, type: 3}
      propertyPath: m_Text
      value: 16
      objectReference: {fileID: 0}
    - target: {fileID: 1244598745653702146, guid: d344271d313980b41843a75885202bd2, type: 3}
      propertyPath: m_RootOrder
      value: 13
      objectReference: {fileID: 0}
    - target: {fileID: 1244598745653702146, guid: d344271d313980b41843a75885202bd2, type: 3}
      propertyPath: m_LocalPosition.x
      value: -0.53
      objectReference: {fileID: 0}
    - target: {fileID: 1244598745653702146, guid: d344271d313980b41843a75885202bd2, type: 3}
      propertyPath: m_LocalPosition.y
      value: 15.5
      objectReference: {fileID: 0}
    - target: {fileID: 1244598745653702146, guid: d344271d313980b41843a75885202bd2, type: 3}
      propertyPath: m_LocalPosition.z
      value: 8.36
      objectReference: {fileID: 0}
    - target: {fileID: 1244598745653702146, guid: d344271d313980b41843a75885202bd2, type: 3}
      propertyPath: m_LocalRotation.w
      value: 1
      objectReference: {fileID: 0}
    - target: {fileID: 1244598745653702146, guid: d344271d313980b41843a75885202bd2, type: 3}
      propertyPath: m_LocalRotation.x
      value: 0
      objectReference: {fileID: 0}
    - target: {fileID: 1244598745653702146, guid: d344271d313980b41843a75885202bd2, type: 3}
      propertyPath: m_LocalRotation.y
      value: 0
      objectReference: {fileID: 0}
    - target: {fileID: 1244598745653702146, guid: d344271d313980b41843a75885202bd2, type: 3}
      propertyPath: m_LocalRotation.z
      value: 0
      objectReference: {fileID: 0}
    - target: {fileID: 1244598745653702146, guid: d344271d313980b41843a75885202bd2, type: 3}
      propertyPath: m_LocalEulerAnglesHint.x
      value: 0
      objectReference: {fileID: 0}
    - target: {fileID: 1244598745653702146, guid: d344271d313980b41843a75885202bd2, type: 3}
      propertyPath: m_LocalEulerAnglesHint.y
      value: 0
      objectReference: {fileID: 0}
    - target: {fileID: 1244598745653702146, guid: d344271d313980b41843a75885202bd2, type: 3}
      propertyPath: m_LocalEulerAnglesHint.z
      value: 0
      objectReference: {fileID: 0}
    - target: {fileID: 1244598745653702148, guid: d344271d313980b41843a75885202bd2, type: 3}
      propertyPath: m_Materials.Array.data[0]
      value: 
      objectReference: {fileID: 2100000, guid: 531ce85569651944b92f38e8df9b1daf, type: 2}
    - target: {fileID: 1244598745653702150, guid: d344271d313980b41843a75885202bd2, type: 3}
      propertyPath: m_Name
      value: BaseCube (13)
      objectReference: {fileID: 0}
    - target: {fileID: 1244598745653702150, guid: d344271d313980b41843a75885202bd2, type: 3}
      propertyPath: m_IsActive
      value: 1
      objectReference: {fileID: 0}
    - target: {fileID: 1244598746188261878, guid: d344271d313980b41843a75885202bd2, type: 3}
      propertyPath: m_Text
      value: 16
      objectReference: {fileID: 0}
    - target: {fileID: 1244598746319467436, guid: d344271d313980b41843a75885202bd2, type: 3}
      propertyPath: m_Text
      value: 16
      objectReference: {fileID: 0}
    - target: {fileID: 1244598746411284381, guid: d344271d313980b41843a75885202bd2, type: 3}
      propertyPath: m_Text
      value: 16
      objectReference: {fileID: 0}
    - target: {fileID: 1244598746741649336, guid: d344271d313980b41843a75885202bd2, type: 3}
      propertyPath: m_Text
      value: 16
      objectReference: {fileID: 0}
    - target: {fileID: 1244598747473107045, guid: d344271d313980b41843a75885202bd2, type: 3}
      propertyPath: m_Text
      value: 16
      objectReference: {fileID: 0}
    m_RemovedComponents: []
  m_SourcePrefab: {fileID: 100100000, guid: d344271d313980b41843a75885202bd2, type: 3}
--- !u!4 &1244598747546849415 stripped
Transform:
  m_CorrespondingSourceObject: {fileID: 1244598745653702146, guid: d344271d313980b41843a75885202bd2, type: 3}
  m_PrefabInstance: {fileID: 1912143493}
  m_PrefabAsset: {fileID: 0}
--- !u!1 &1244598747546849411 stripped
GameObject:
  m_CorrespondingSourceObject: {fileID: 1244598745653702150, guid: d344271d313980b41843a75885202bd2, type: 3}
  m_PrefabInstance: {fileID: 1912143493}
  m_PrefabAsset: {fileID: 0}
--- !u!1001 &129067665536627355
PrefabInstance:
  m_ObjectHideFlags: 0
  serializedVersion: 2
  m_Modification:
    m_TransformParent: {fileID: 2113563917968290340}
    m_Modifications:
    - target: {fileID: 1244598745536752914, guid: d344271d313980b41843a75885202bd2, type: 3}
      propertyPath: m_Text
      value: 4
      objectReference: {fileID: 0}
    - target: {fileID: 1244598745653702146, guid: d344271d313980b41843a75885202bd2, type: 3}
      propertyPath: m_RootOrder
      value: 5
      objectReference: {fileID: 0}
    - target: {fileID: 1244598745653702146, guid: d344271d313980b41843a75885202bd2, type: 3}
      propertyPath: m_LocalPosition.x
      value: -0.53
      objectReference: {fileID: 0}
    - target: {fileID: 1244598745653702146, guid: d344271d313980b41843a75885202bd2, type: 3}
      propertyPath: m_LocalPosition.y
      value: 11.5
      objectReference: {fileID: 0}
    - target: {fileID: 1244598745653702146, guid: d344271d313980b41843a75885202bd2, type: 3}
      propertyPath: m_LocalPosition.z
      value: 6.0599995
      objectReference: {fileID: 0}
    - target: {fileID: 1244598745653702146, guid: d344271d313980b41843a75885202bd2, type: 3}
      propertyPath: m_LocalRotation.w
      value: 1
      objectReference: {fileID: 0}
    - target: {fileID: 1244598745653702146, guid: d344271d313980b41843a75885202bd2, type: 3}
      propertyPath: m_LocalRotation.x
      value: 0
      objectReference: {fileID: 0}
    - target: {fileID: 1244598745653702146, guid: d344271d313980b41843a75885202bd2, type: 3}
      propertyPath: m_LocalRotation.y
      value: 0
      objectReference: {fileID: 0}
    - target: {fileID: 1244598745653702146, guid: d344271d313980b41843a75885202bd2, type: 3}
      propertyPath: m_LocalRotation.z
      value: 0
      objectReference: {fileID: 0}
    - target: {fileID: 1244598745653702146, guid: d344271d313980b41843a75885202bd2, type: 3}
      propertyPath: m_LocalEulerAnglesHint.x
      value: 0
      objectReference: {fileID: 0}
    - target: {fileID: 1244598745653702146, guid: d344271d313980b41843a75885202bd2, type: 3}
      propertyPath: m_LocalEulerAnglesHint.y
      value: 0
      objectReference: {fileID: 0}
    - target: {fileID: 1244598745653702146, guid: d344271d313980b41843a75885202bd2, type: 3}
      propertyPath: m_LocalEulerAnglesHint.z
      value: 0
      objectReference: {fileID: 0}
    - target: {fileID: 1244598745653702148, guid: d344271d313980b41843a75885202bd2, type: 3}
      propertyPath: m_Materials.Array.data[0]
      value: 
      objectReference: {fileID: 2100000, guid: 3a69ea9500288a04396c10e398ec8918, type: 2}
    - target: {fileID: 1244598745653702150, guid: d344271d313980b41843a75885202bd2, type: 3}
      propertyPath: m_Name
      value: BaseCube (5)
      objectReference: {fileID: 0}
    - target: {fileID: 1244598746188261878, guid: d344271d313980b41843a75885202bd2, type: 3}
      propertyPath: m_Text
      value: 4
      objectReference: {fileID: 0}
    - target: {fileID: 1244598746319467436, guid: d344271d313980b41843a75885202bd2, type: 3}
      propertyPath: m_Text
      value: 4
      objectReference: {fileID: 0}
    - target: {fileID: 1244598746411284381, guid: d344271d313980b41843a75885202bd2, type: 3}
      propertyPath: m_Text
      value: 4
      objectReference: {fileID: 0}
    - target: {fileID: 1244598746741649336, guid: d344271d313980b41843a75885202bd2, type: 3}
      propertyPath: m_Text
      value: 4
      objectReference: {fileID: 0}
    - target: {fileID: 1244598747473107045, guid: d344271d313980b41843a75885202bd2, type: 3}
      propertyPath: m_Text
      value: 4
      objectReference: {fileID: 0}
    m_RemovedComponents: []
  m_SourcePrefab: {fileID: 100100000, guid: d344271d313980b41843a75885202bd2, type: 3}
--- !u!4 &1193235840107109529 stripped
Transform:
  m_CorrespondingSourceObject: {fileID: 1244598745653702146, guid: d344271d313980b41843a75885202bd2, type: 3}
  m_PrefabInstance: {fileID: 129067665536627355}
  m_PrefabAsset: {fileID: 0}
--- !u!1 &1193235840107109533 stripped
GameObject:
  m_CorrespondingSourceObject: {fileID: 1244598745653702150, guid: d344271d313980b41843a75885202bd2, type: 3}
  m_PrefabInstance: {fileID: 129067665536627355}
  m_PrefabAsset: {fileID: 0}
--- !u!1001 &920428060053888820
PrefabInstance:
  m_ObjectHideFlags: 0
  serializedVersion: 2
  m_Modification:
    m_TransformParent: {fileID: 2113563917968290340}
    m_Modifications:
    - target: {fileID: 1244598745536752914, guid: d344271d313980b41843a75885202bd2, type: 3}
      propertyPath: m_Text
      value: 2
      objectReference: {fileID: 0}
    - target: {fileID: 1244598745653702146, guid: d344271d313980b41843a75885202bd2, type: 3}
      propertyPath: m_RootOrder
      value: 1
      objectReference: {fileID: 0}
    - target: {fileID: 1244598745653702146, guid: d344271d313980b41843a75885202bd2, type: 3}
      propertyPath: m_LocalPosition.x
      value: -0.53
      objectReference: {fileID: 0}
    - target: {fileID: 1244598745653702146, guid: d344271d313980b41843a75885202bd2, type: 3}
      propertyPath: m_LocalPosition.y
      value: 9.5
      objectReference: {fileID: 0}
    - target: {fileID: 1244598745653702146, guid: d344271d313980b41843a75885202bd2, type: 3}
      propertyPath: m_LocalPosition.z
      value: 4.91
      objectReference: {fileID: 0}
    - target: {fileID: 1244598745653702146, guid: d344271d313980b41843a75885202bd2, type: 3}
      propertyPath: m_LocalRotation.w
      value: 1
      objectReference: {fileID: 0}
    - target: {fileID: 1244598745653702146, guid: d344271d313980b41843a75885202bd2, type: 3}
      propertyPath: m_LocalRotation.x
      value: 0
      objectReference: {fileID: 0}
    - target: {fileID: 1244598745653702146, guid: d344271d313980b41843a75885202bd2, type: 3}
      propertyPath: m_LocalRotation.y
      value: 0
      objectReference: {fileID: 0}
    - target: {fileID: 1244598745653702146, guid: d344271d313980b41843a75885202bd2, type: 3}
      propertyPath: m_LocalRotation.z
      value: 0
      objectReference: {fileID: 0}
    - target: {fileID: 1244598745653702146, guid: d344271d313980b41843a75885202bd2, type: 3}
      propertyPath: m_LocalEulerAnglesHint.x
      value: 0
      objectReference: {fileID: 0}
    - target: {fileID: 1244598745653702146, guid: d344271d313980b41843a75885202bd2, type: 3}
      propertyPath: m_LocalEulerAnglesHint.y
      value: 0
      objectReference: {fileID: 0}
    - target: {fileID: 1244598745653702146, guid: d344271d313980b41843a75885202bd2, type: 3}
      propertyPath: m_LocalEulerAnglesHint.z
      value: 0
      objectReference: {fileID: 0}
    - target: {fileID: 1244598745653702148, guid: d344271d313980b41843a75885202bd2, type: 3}
      propertyPath: m_Materials.Array.data[0]
      value: 
      objectReference: {fileID: 2100000, guid: a9d8bd6427aef104abb53577491d6c71, type: 2}
    - target: {fileID: 1244598745653702150, guid: d344271d313980b41843a75885202bd2, type: 3}
      propertyPath: m_Name
      value: BaseCube (1)
      objectReference: {fileID: 0}
    - target: {fileID: 1244598746188261878, guid: d344271d313980b41843a75885202bd2, type: 3}
      propertyPath: m_Text
      value: 2
      objectReference: {fileID: 0}
    - target: {fileID: 1244598746319467436, guid: d344271d313980b41843a75885202bd2, type: 3}
      propertyPath: m_Text
      value: 2
      objectReference: {fileID: 0}
    - target: {fileID: 1244598746411284381, guid: d344271d313980b41843a75885202bd2, type: 3}
      propertyPath: m_Text
      value: 2
      objectReference: {fileID: 0}
    - target: {fileID: 1244598746741649336, guid: d344271d313980b41843a75885202bd2, type: 3}
      propertyPath: m_Text
      value: 2
      objectReference: {fileID: 0}
    - target: {fileID: 1244598747473107045, guid: d344271d313980b41843a75885202bd2, type: 3}
      propertyPath: m_Text
      value: 2
      objectReference: {fileID: 0}
    m_RemovedComponents: []
  m_SourcePrefab: {fileID: 100100000, guid: d344271d313980b41843a75885202bd2, type: 3}
--- !u!4 &2126745237924983094 stripped
Transform:
  m_CorrespondingSourceObject: {fileID: 1244598745653702146, guid: d344271d313980b41843a75885202bd2, type: 3}
  m_PrefabInstance: {fileID: 920428060053888820}
  m_PrefabAsset: {fileID: 0}
--- !u!1 &2126745237924983090 stripped
GameObject:
  m_CorrespondingSourceObject: {fileID: 1244598745653702150, guid: d344271d313980b41843a75885202bd2, type: 3}
  m_PrefabInstance: {fileID: 920428060053888820}
  m_PrefabAsset: {fileID: 0}
--- !u!1001 &1496712164322125140
PrefabInstance:
  m_ObjectHideFlags: 0
  serializedVersion: 2
  m_Modification:
    m_TransformParent: {fileID: 2113563917968290340}
    m_Modifications:
    - target: {fileID: 1244598745536752914, guid: d344271d313980b41843a75885202bd2, type: 3}
      propertyPath: m_Text
      value: 2
      objectReference: {fileID: 0}
    - target: {fileID: 1244598745653702146, guid: d344271d313980b41843a75885202bd2, type: 3}
      propertyPath: m_RootOrder
      value: 0
      objectReference: {fileID: 0}
    - target: {fileID: 1244598745653702146, guid: d344271d313980b41843a75885202bd2, type: 3}
      propertyPath: m_LocalPosition.x
      value: -1.6
      objectReference: {fileID: 0}
    - target: {fileID: 1244598745653702146, guid: d344271d313980b41843a75885202bd2, type: 3}
      propertyPath: m_LocalPosition.y
      value: 8.5
      objectReference: {fileID: 0}
    - target: {fileID: 1244598745653702146, guid: d344271d313980b41843a75885202bd2, type: 3}
      propertyPath: m_LocalPosition.z
      value: 4.91
      objectReference: {fileID: 0}
    - target: {fileID: 1244598745653702146, guid: d344271d313980b41843a75885202bd2, type: 3}
      propertyPath: m_LocalRotation.w
      value: 1
      objectReference: {fileID: 0}
    - target: {fileID: 1244598745653702146, guid: d344271d313980b41843a75885202bd2, type: 3}
      propertyPath: m_LocalRotation.x
      value: 0
      objectReference: {fileID: 0}
    - target: {fileID: 1244598745653702146, guid: d344271d313980b41843a75885202bd2, type: 3}
      propertyPath: m_LocalRotation.y
      value: 0
      objectReference: {fileID: 0}
    - target: {fileID: 1244598745653702146, guid: d344271d313980b41843a75885202bd2, type: 3}
      propertyPath: m_LocalRotation.z
      value: 0
      objectReference: {fileID: 0}
    - target: {fileID: 1244598745653702146, guid: d344271d313980b41843a75885202bd2, type: 3}
      propertyPath: m_LocalEulerAnglesHint.x
      value: 0
      objectReference: {fileID: 0}
    - target: {fileID: 1244598745653702146, guid: d344271d313980b41843a75885202bd2, type: 3}
      propertyPath: m_LocalEulerAnglesHint.y
      value: 0
      objectReference: {fileID: 0}
    - target: {fileID: 1244598745653702146, guid: d344271d313980b41843a75885202bd2, type: 3}
      propertyPath: m_LocalEulerAnglesHint.z
      value: 0
      objectReference: {fileID: 0}
    - target: {fileID: 1244598745653702148, guid: d344271d313980b41843a75885202bd2, type: 3}
      propertyPath: m_Materials.Array.data[0]
      value: 
      objectReference: {fileID: 2100000, guid: a9d8bd6427aef104abb53577491d6c71, type: 2}
    - target: {fileID: 1244598745653702150, guid: d344271d313980b41843a75885202bd2, type: 3}
      propertyPath: m_Name
      value: BaseCube
      objectReference: {fileID: 0}
    - target: {fileID: 1244598746188261878, guid: d344271d313980b41843a75885202bd2, type: 3}
      propertyPath: m_Text
      value: 2
      objectReference: {fileID: 0}
    - target: {fileID: 1244598746319467436, guid: d344271d313980b41843a75885202bd2, type: 3}
      propertyPath: m_Text
      value: 2
      objectReference: {fileID: 0}
    - target: {fileID: 1244598746411284381, guid: d344271d313980b41843a75885202bd2, type: 3}
      propertyPath: m_Text
      value: 2
      objectReference: {fileID: 0}
    - target: {fileID: 1244598746741649336, guid: d344271d313980b41843a75885202bd2, type: 3}
      propertyPath: m_Text
      value: 2
      objectReference: {fileID: 0}
    - target: {fileID: 1244598747473107045, guid: d344271d313980b41843a75885202bd2, type: 3}
      propertyPath: m_Text
      value: 2
      objectReference: {fileID: 0}
    m_RemovedComponents: []
  m_SourcePrefab: {fileID: 100100000, guid: d344271d313980b41843a75885202bd2, type: 3}
--- !u!4 &396545738894003030 stripped
Transform:
  m_CorrespondingSourceObject: {fileID: 1244598745653702146, guid: d344271d313980b41843a75885202bd2, type: 3}
  m_PrefabInstance: {fileID: 1496712164322125140}
  m_PrefabAsset: {fileID: 0}
--- !u!1 &396545738894003026 stripped
GameObject:
  m_CorrespondingSourceObject: {fileID: 1244598745653702150, guid: d344271d313980b41843a75885202bd2, type: 3}
  m_PrefabInstance: {fileID: 1496712164322125140}
  m_PrefabAsset: {fileID: 0}
--- !u!1001 &2599357413623890216
PrefabInstance:
  m_ObjectHideFlags: 0
  serializedVersion: 2
  m_Modification:
    m_TransformParent: {fileID: 0}
    m_Modifications:
    - target: {fileID: 3371604598636183084, guid: 2fb844370785d4949b90627e37d04639, type: 3}
      propertyPath: m_RootOrder
      value: 3
      objectReference: {fileID: 0}
    - target: {fileID: 5000136901369969028, guid: 2fb844370785d4949b90627e37d04639, type: 3}
      propertyPath: m_Name
      value: 0
      objectReference: {fileID: 0}
    - target: {fileID: 5000136901369969028, guid: 2fb844370785d4949b90627e37d04639, type: 3}
      propertyPath: m_IsActive
      value: 1
      objectReference: {fileID: 0}
    - target: {fileID: 5000136901369969029, guid: 2fb844370785d4949b90627e37d04639, type: 3}
      propertyPath: m_RootOrder
      value: 0
      objectReference: {fileID: 0}
    - target: {fileID: 5000136901369969029, guid: 2fb844370785d4949b90627e37d04639, type: 3}
      propertyPath: m_LocalPosition.x
      value: 0
      objectReference: {fileID: 0}
    - target: {fileID: 5000136901369969029, guid: 2fb844370785d4949b90627e37d04639, type: 3}
      propertyPath: m_LocalPosition.y
      value: 0
      objectReference: {fileID: 0}
    - target: {fileID: 5000136901369969029, guid: 2fb844370785d4949b90627e37d04639, type: 3}
      propertyPath: m_LocalPosition.z
      value: 0
      objectReference: {fileID: 0}
    - target: {fileID: 5000136901369969029, guid: 2fb844370785d4949b90627e37d04639, type: 3}
      propertyPath: m_LocalRotation.w
      value: 1
      objectReference: {fileID: 0}
    - target: {fileID: 5000136901369969029, guid: 2fb844370785d4949b90627e37d04639, type: 3}
      propertyPath: m_LocalRotation.x
      value: 0
      objectReference: {fileID: 0}
    - target: {fileID: 5000136901369969029, guid: 2fb844370785d4949b90627e37d04639, type: 3}
      propertyPath: m_LocalRotation.y
      value: 0
      objectReference: {fileID: 0}
    - target: {fileID: 5000136901369969029, guid: 2fb844370785d4949b90627e37d04639, type: 3}
      propertyPath: m_LocalRotation.z
      value: 0
      objectReference: {fileID: 0}
    - target: {fileID: 5000136901369969029, guid: 2fb844370785d4949b90627e37d04639, type: 3}
      propertyPath: m_LocalEulerAnglesHint.x
      value: 0
      objectReference: {fileID: 0}
    - target: {fileID: 5000136901369969029, guid: 2fb844370785d4949b90627e37d04639, type: 3}
      propertyPath: m_LocalEulerAnglesHint.y
      value: 0
      objectReference: {fileID: 0}
    - target: {fileID: 5000136901369969029, guid: 2fb844370785d4949b90627e37d04639, type: 3}
      propertyPath: m_LocalEulerAnglesHint.z
      value: 0
      objectReference: {fileID: 0}
    m_RemovedComponents: []
  m_SourcePrefab: {fileID: 100100000, guid: 2fb844370785d4949b90627e37d04639, type: 3}
--- !u!4 &7023024758563397093 stripped
Transform:
  m_CorrespondingSourceObject: {fileID: 5000136902496836813, guid: 2fb844370785d4949b90627e37d04639, type: 3}
  m_PrefabInstance: {fileID: 2599357413623890216}
  m_PrefabAsset: {fileID: 0}
--- !u!1001 &2933919802099672031
PrefabInstance:
  m_ObjectHideFlags: 0
  serializedVersion: 2
  m_Modification:
    m_TransformParent: {fileID: 2113563917968290340}
    m_Modifications:
    - target: {fileID: 1244598745536752914, guid: d344271d313980b41843a75885202bd2, type: 3}
      propertyPath: m_Text
      value: 2
      objectReference: {fileID: 0}
    - target: {fileID: 1244598745653702146, guid: d344271d313980b41843a75885202bd2, type: 3}
      propertyPath: m_RootOrder
      value: 2
      objectReference: {fileID: 0}
    - target: {fileID: 1244598745653702146, guid: d344271d313980b41843a75885202bd2, type: 3}
      propertyPath: m_LocalPosition.x
      value: 0.53
      objectReference: {fileID: 0}
    - target: {fileID: 1244598745653702146, guid: d344271d313980b41843a75885202bd2, type: 3}
      propertyPath: m_LocalPosition.y
      value: 12.5
      objectReference: {fileID: 0}
    - target: {fileID: 1244598745653702146, guid: d344271d313980b41843a75885202bd2, type: 3}
      propertyPath: m_LocalPosition.z
      value: 4.91
      objectReference: {fileID: 0}
    - target: {fileID: 1244598745653702146, guid: d344271d313980b41843a75885202bd2, type: 3}
      propertyPath: m_LocalRotation.w
      value: 1
      objectReference: {fileID: 0}
    - target: {fileID: 1244598745653702146, guid: d344271d313980b41843a75885202bd2, type: 3}
      propertyPath: m_LocalRotation.x
      value: 0
      objectReference: {fileID: 0}
    - target: {fileID: 1244598745653702146, guid: d344271d313980b41843a75885202bd2, type: 3}
      propertyPath: m_LocalRotation.y
      value: 0
      objectReference: {fileID: 0}
    - target: {fileID: 1244598745653702146, guid: d344271d313980b41843a75885202bd2, type: 3}
      propertyPath: m_LocalRotation.z
      value: 0
      objectReference: {fileID: 0}
    - target: {fileID: 1244598745653702146, guid: d344271d313980b41843a75885202bd2, type: 3}
      propertyPath: m_LocalEulerAnglesHint.x
      value: 0
      objectReference: {fileID: 0}
    - target: {fileID: 1244598745653702146, guid: d344271d313980b41843a75885202bd2, type: 3}
      propertyPath: m_LocalEulerAnglesHint.y
      value: 0
      objectReference: {fileID: 0}
    - target: {fileID: 1244598745653702146, guid: d344271d313980b41843a75885202bd2, type: 3}
      propertyPath: m_LocalEulerAnglesHint.z
      value: 0
      objectReference: {fileID: 0}
    - target: {fileID: 1244598745653702148, guid: d344271d313980b41843a75885202bd2, type: 3}
      propertyPath: m_Materials.Array.data[0]
      value: 
      objectReference: {fileID: 2100000, guid: a9d8bd6427aef104abb53577491d6c71, type: 2}
    - target: {fileID: 1244598745653702150, guid: d344271d313980b41843a75885202bd2, type: 3}
      propertyPath: m_Name
      value: BaseCube (2)
      objectReference: {fileID: 0}
    - target: {fileID: 1244598746188261878, guid: d344271d313980b41843a75885202bd2, type: 3}
      propertyPath: m_Text
      value: 2
      objectReference: {fileID: 0}
    - target: {fileID: 1244598746319467436, guid: d344271d313980b41843a75885202bd2, type: 3}
      propertyPath: m_Text
      value: 2
      objectReference: {fileID: 0}
    - target: {fileID: 1244598746411284381, guid: d344271d313980b41843a75885202bd2, type: 3}
      propertyPath: m_Text
      value: 2
      objectReference: {fileID: 0}
    - target: {fileID: 1244598746741649336, guid: d344271d313980b41843a75885202bd2, type: 3}
      propertyPath: m_Text
      value: 2
      objectReference: {fileID: 0}
    - target: {fileID: 1244598747473107045, guid: d344271d313980b41843a75885202bd2, type: 3}
      propertyPath: m_Text
      value: 2
      objectReference: {fileID: 0}
    m_RemovedComponents: []
  m_SourcePrefab: {fileID: 100100000, guid: d344271d313980b41843a75885202bd2, type: 3}
--- !u!1 &4175632303876689369 stripped
GameObject:
  m_CorrespondingSourceObject: {fileID: 1244598745653702150, guid: d344271d313980b41843a75885202bd2, type: 3}
  m_PrefabInstance: {fileID: 2933919802099672031}
  m_PrefabAsset: {fileID: 0}
--- !u!4 &4175632303876689373 stripped
Transform:
  m_CorrespondingSourceObject: {fileID: 1244598745653702146, guid: d344271d313980b41843a75885202bd2, type: 3}
  m_PrefabInstance: {fileID: 2933919802099672031}
  m_PrefabAsset: {fileID: 0}
--- !u!1001 &3449611732412012467
PrefabInstance:
  m_ObjectHideFlags: 0
  serializedVersion: 2
  m_Modification:
    m_TransformParent: {fileID: 2113563917968290340}
    m_Modifications:
    - target: {fileID: 1244598745536752914, guid: d344271d313980b41843a75885202bd2, type: 3}
      propertyPath: m_Text
      value: 4
      objectReference: {fileID: 0}
    - target: {fileID: 1244598745653702146, guid: d344271d313980b41843a75885202bd2, type: 3}
      propertyPath: m_RootOrder
      value: 6
      objectReference: {fileID: 0}
    - target: {fileID: 1244598745653702146, guid: d344271d313980b41843a75885202bd2, type: 3}
      propertyPath: m_LocalPosition.x
      value: 0.53
      objectReference: {fileID: 0}
    - target: {fileID: 1244598745653702146, guid: d344271d313980b41843a75885202bd2, type: 3}
      propertyPath: m_LocalPosition.y
      value: 14.5
      objectReference: {fileID: 0}
    - target: {fileID: 1244598745653702146, guid: d344271d313980b41843a75885202bd2, type: 3}
      propertyPath: m_LocalPosition.z
      value: 6.0599995
      objectReference: {fileID: 0}
    - target: {fileID: 1244598745653702146, guid: d344271d313980b41843a75885202bd2, type: 3}
      propertyPath: m_LocalRotation.w
      value: 1
      objectReference: {fileID: 0}
    - target: {fileID: 1244598745653702146, guid: d344271d313980b41843a75885202bd2, type: 3}
      propertyPath: m_LocalRotation.x
      value: 0
      objectReference: {fileID: 0}
    - target: {fileID: 1244598745653702146, guid: d344271d313980b41843a75885202bd2, type: 3}
      propertyPath: m_LocalRotation.y
      value: 0
      objectReference: {fileID: 0}
    - target: {fileID: 1244598745653702146, guid: d344271d313980b41843a75885202bd2, type: 3}
      propertyPath: m_LocalRotation.z
      value: 0
      objectReference: {fileID: 0}
    - target: {fileID: 1244598745653702146, guid: d344271d313980b41843a75885202bd2, type: 3}
      propertyPath: m_LocalEulerAnglesHint.x
      value: 0
      objectReference: {fileID: 0}
    - target: {fileID: 1244598745653702146, guid: d344271d313980b41843a75885202bd2, type: 3}
      propertyPath: m_LocalEulerAnglesHint.y
      value: 0
      objectReference: {fileID: 0}
    - target: {fileID: 1244598745653702146, guid: d344271d313980b41843a75885202bd2, type: 3}
      propertyPath: m_LocalEulerAnglesHint.z
      value: 0
      objectReference: {fileID: 0}
    - target: {fileID: 1244598745653702148, guid: d344271d313980b41843a75885202bd2, type: 3}
      propertyPath: m_Materials.Array.data[0]
      value: 
      objectReference: {fileID: 2100000, guid: 3a69ea9500288a04396c10e398ec8918, type: 2}
    - target: {fileID: 1244598745653702150, guid: d344271d313980b41843a75885202bd2, type: 3}
      propertyPath: m_Name
      value: BaseCube (6)
      objectReference: {fileID: 0}
    - target: {fileID: 1244598746188261878, guid: d344271d313980b41843a75885202bd2, type: 3}
      propertyPath: m_Text
      value: 4
      objectReference: {fileID: 0}
    - target: {fileID: 1244598746319467436, guid: d344271d313980b41843a75885202bd2, type: 3}
      propertyPath: m_Text
      value: 4
      objectReference: {fileID: 0}
    - target: {fileID: 1244598746411284381, guid: d344271d313980b41843a75885202bd2, type: 3}
      propertyPath: m_Text
      value: 4
      objectReference: {fileID: 0}
    - target: {fileID: 1244598746741649336, guid: d344271d313980b41843a75885202bd2, type: 3}
      propertyPath: m_Text
      value: 4
      objectReference: {fileID: 0}
    - target: {fileID: 1244598747473107045, guid: d344271d313980b41843a75885202bd2, type: 3}
      propertyPath: m_Text
      value: 4
      objectReference: {fileID: 0}
    m_RemovedComponents: []
  m_SourcePrefab: {fileID: 100100000, guid: d344271d313980b41843a75885202bd2, type: 3}
--- !u!1 &4511138355997964725 stripped
GameObject:
  m_CorrespondingSourceObject: {fileID: 1244598745653702150, guid: d344271d313980b41843a75885202bd2, type: 3}
  m_PrefabInstance: {fileID: 3449611732412012467}
  m_PrefabAsset: {fileID: 0}
--- !u!4 &4511138355997964721 stripped
Transform:
  m_CorrespondingSourceObject: {fileID: 1244598745653702146, guid: d344271d313980b41843a75885202bd2, type: 3}
  m_PrefabInstance: {fileID: 3449611732412012467}
  m_PrefabAsset: {fileID: 0}
--- !u!1001 &4529970079141886659
PrefabInstance:
  m_ObjectHideFlags: 0
  serializedVersion: 2
  m_Modification:
    m_TransformParent: {fileID: 2113563917968290340}
    m_Modifications:
    - target: {fileID: 1244598745536752914, guid: d344271d313980b41843a75885202bd2, type: 3}
      propertyPath: m_Text
      value: 8
      objectReference: {fileID: 0}
    - target: {fileID: 1244598745653702146, guid: d344271d313980b41843a75885202bd2, type: 3}
      propertyPath: m_RootOrder
      value: 8
      objectReference: {fileID: 0}
    - target: {fileID: 1244598745653702146, guid: d344271d313980b41843a75885202bd2, type: 3}
      propertyPath: m_LocalPosition.x
      value: -1.6
      objectReference: {fileID: 0}
    - target: {fileID: 1244598745653702146, guid: d344271d313980b41843a75885202bd2, type: 3}
      propertyPath: m_LocalPosition.y
      value: 12.5
      objectReference: {fileID: 0}
    - target: {fileID: 1244598745653702146, guid: d344271d313980b41843a75885202bd2, type: 3}
      propertyPath: m_LocalPosition.z
      value: 7.21
      objectReference: {fileID: 0}
    - target: {fileID: 1244598745653702146, guid: d344271d313980b41843a75885202bd2, type: 3}
      propertyPath: m_LocalRotation.w
      value: 1
      objectReference: {fileID: 0}
    - target: {fileID: 1244598745653702146, guid: d344271d313980b41843a75885202bd2, type: 3}
      propertyPath: m_LocalRotation.x
      value: 0
      objectReference: {fileID: 0}
    - target: {fileID: 1244598745653702146, guid: d344271d313980b41843a75885202bd2, type: 3}
      propertyPath: m_LocalRotation.y
      value: 0
      objectReference: {fileID: 0}
    - target: {fileID: 1244598745653702146, guid: d344271d313980b41843a75885202bd2, type: 3}
      propertyPath: m_LocalRotation.z
      value: 0
      objectReference: {fileID: 0}
    - target: {fileID: 1244598745653702146, guid: d344271d313980b41843a75885202bd2, type: 3}
      propertyPath: m_LocalEulerAnglesHint.x
      value: 0
      objectReference: {fileID: 0}
    - target: {fileID: 1244598745653702146, guid: d344271d313980b41843a75885202bd2, type: 3}
      propertyPath: m_LocalEulerAnglesHint.y
      value: 0
      objectReference: {fileID: 0}
    - target: {fileID: 1244598745653702146, guid: d344271d313980b41843a75885202bd2, type: 3}
      propertyPath: m_LocalEulerAnglesHint.z
      value: 0
      objectReference: {fileID: 0}
    - target: {fileID: 1244598745653702148, guid: d344271d313980b41843a75885202bd2, type: 3}
      propertyPath: m_Materials.Array.data[0]
      value: 
      objectReference: {fileID: 2100000, guid: 2dd271f31e4cba24abf188e6efa78de5, type: 2}
    - target: {fileID: 1244598745653702150, guid: d344271d313980b41843a75885202bd2, type: 3}
      propertyPath: m_Name
      value: BaseCube (8)
      objectReference: {fileID: 0}
    - target: {fileID: 1244598745653702150, guid: d344271d313980b41843a75885202bd2, type: 3}
      propertyPath: m_IsActive
      value: 1
      objectReference: {fileID: 0}
    - target: {fileID: 1244598746188261878, guid: d344271d313980b41843a75885202bd2, type: 3}
      propertyPath: m_Text
      value: 8
      objectReference: {fileID: 0}
    - target: {fileID: 1244598746319467436, guid: d344271d313980b41843a75885202bd2, type: 3}
      propertyPath: m_Text
      value: 8
      objectReference: {fileID: 0}
    - target: {fileID: 1244598746411284381, guid: d344271d313980b41843a75885202bd2, type: 3}
      propertyPath: m_Text
      value: 8
      objectReference: {fileID: 0}
    - target: {fileID: 1244598746741649336, guid: d344271d313980b41843a75885202bd2, type: 3}
      propertyPath: m_Text
      value: 8
      objectReference: {fileID: 0}
    - target: {fileID: 1244598747473107045, guid: d344271d313980b41843a75885202bd2, type: 3}
      propertyPath: m_Text
      value: 8
      objectReference: {fileID: 0}
    m_RemovedComponents: []
  m_SourcePrefab: {fileID: 100100000, guid: d344271d313980b41843a75885202bd2, type: 3}
--- !u!1 &3429522170080105669 stripped
GameObject:
  m_CorrespondingSourceObject: {fileID: 1244598745653702150, guid: d344271d313980b41843a75885202bd2, type: 3}
  m_PrefabInstance: {fileID: 4529970079141886659}
  m_PrefabAsset: {fileID: 0}
--- !u!4 &3429522170080105665 stripped
Transform:
  m_CorrespondingSourceObject: {fileID: 1244598745653702146, guid: d344271d313980b41843a75885202bd2, type: 3}
  m_PrefabInstance: {fileID: 4529970079141886659}
  m_PrefabAsset: {fileID: 0}
--- !u!1001 &4620972427084121861
PrefabInstance:
  m_ObjectHideFlags: 0
  serializedVersion: 2
  m_Modification:
    m_TransformParent: {fileID: 2113563917968290340}
    m_Modifications:
    - target: {fileID: 1244598745536752914, guid: d344271d313980b41843a75885202bd2, type: 3}
      propertyPath: m_Text
      value: 4
      objectReference: {fileID: 0}
    - target: {fileID: 1244598745653702146, guid: d344271d313980b41843a75885202bd2, type: 3}
      propertyPath: m_RootOrder
      value: 7
      objectReference: {fileID: 0}
    - target: {fileID: 1244598745653702146, guid: d344271d313980b41843a75885202bd2, type: 3}
      propertyPath: m_LocalPosition.x
      value: 1.6
      objectReference: {fileID: 0}
    - target: {fileID: 1244598745653702146, guid: d344271d313980b41843a75885202bd2, type: 3}
      propertyPath: m_LocalPosition.y
      value: 15.5
      objectReference: {fileID: 0}
    - target: {fileID: 1244598745653702146, guid: d344271d313980b41843a75885202bd2, type: 3}
      propertyPath: m_LocalPosition.z
      value: 6.0599995
      objectReference: {fileID: 0}
    - target: {fileID: 1244598745653702146, guid: d344271d313980b41843a75885202bd2, type: 3}
      propertyPath: m_LocalRotation.w
      value: 1
      objectReference: {fileID: 0}
    - target: {fileID: 1244598745653702146, guid: d344271d313980b41843a75885202bd2, type: 3}
      propertyPath: m_LocalRotation.x
      value: 0
      objectReference: {fileID: 0}
    - target: {fileID: 1244598745653702146, guid: d344271d313980b41843a75885202bd2, type: 3}
      propertyPath: m_LocalRotation.y
      value: 0
      objectReference: {fileID: 0}
    - target: {fileID: 1244598745653702146, guid: d344271d313980b41843a75885202bd2, type: 3}
      propertyPath: m_LocalRotation.z
      value: 0
      objectReference: {fileID: 0}
    - target: {fileID: 1244598745653702146, guid: d344271d313980b41843a75885202bd2, type: 3}
      propertyPath: m_LocalEulerAnglesHint.x
      value: 0
      objectReference: {fileID: 0}
    - target: {fileID: 1244598745653702146, guid: d344271d313980b41843a75885202bd2, type: 3}
      propertyPath: m_LocalEulerAnglesHint.y
      value: 0
      objectReference: {fileID: 0}
    - target: {fileID: 1244598745653702146, guid: d344271d313980b41843a75885202bd2, type: 3}
      propertyPath: m_LocalEulerAnglesHint.z
      value: 0
      objectReference: {fileID: 0}
    - target: {fileID: 1244598745653702148, guid: d344271d313980b41843a75885202bd2, type: 3}
      propertyPath: m_Materials.Array.data[0]
      value: 
      objectReference: {fileID: 2100000, guid: 3a69ea9500288a04396c10e398ec8918, type: 2}
    - target: {fileID: 1244598745653702150, guid: d344271d313980b41843a75885202bd2, type: 3}
      propertyPath: m_Name
      value: BaseCube (7)
      objectReference: {fileID: 0}
    - target: {fileID: 1244598746188261878, guid: d344271d313980b41843a75885202bd2, type: 3}
      propertyPath: m_Text
      value: 4
      objectReference: {fileID: 0}
    - target: {fileID: 1244598746319467436, guid: d344271d313980b41843a75885202bd2, type: 3}
      propertyPath: m_Text
      value: 4
      objectReference: {fileID: 0}
    - target: {fileID: 1244598746411284381, guid: d344271d313980b41843a75885202bd2, type: 3}
      propertyPath: m_Text
      value: 4
      objectReference: {fileID: 0}
    - target: {fileID: 1244598746741649336, guid: d344271d313980b41843a75885202bd2, type: 3}
      propertyPath: m_Text
      value: 4
      objectReference: {fileID: 0}
    - target: {fileID: 1244598747473107045, guid: d344271d313980b41843a75885202bd2, type: 3}
      propertyPath: m_Text
      value: 4
      objectReference: {fileID: 0}
    m_RemovedComponents: []
  m_SourcePrefab: {fileID: 100100000, guid: d344271d313980b41843a75885202bd2, type: 3}
--- !u!1 &5865179884035025155 stripped
GameObject:
  m_CorrespondingSourceObject: {fileID: 1244598745653702150, guid: d344271d313980b41843a75885202bd2, type: 3}
  m_PrefabInstance: {fileID: 4620972427084121861}
  m_PrefabAsset: {fileID: 0}
--- !u!4 &5865179884035025159 stripped
Transform:
  m_CorrespondingSourceObject: {fileID: 1244598745653702146, guid: d344271d313980b41843a75885202bd2, type: 3}
  m_PrefabInstance: {fileID: 4620972427084121861}
  m_PrefabAsset: {fileID: 0}
--- !u!1001 &5727404820813847410
PrefabInstance:
  m_ObjectHideFlags: 0
  serializedVersion: 2
  m_Modification:
    m_TransformParent: {fileID: 2113563917968290340}
    m_Modifications:
    - target: {fileID: 1244598745536752914, guid: d344271d313980b41843a75885202bd2, type: 3}
      propertyPath: m_Text
      value: 2
      objectReference: {fileID: 0}
    - target: {fileID: 1244598745653702146, guid: d344271d313980b41843a75885202bd2, type: 3}
      propertyPath: m_RootOrder
      value: 3
      objectReference: {fileID: 0}
    - target: {fileID: 1244598745653702146, guid: d344271d313980b41843a75885202bd2, type: 3}
      propertyPath: m_LocalPosition.x
      value: 1.6
      objectReference: {fileID: 0}
    - target: {fileID: 1244598745653702146, guid: d344271d313980b41843a75885202bd2, type: 3}
      propertyPath: m_LocalPosition.y
      value: 13.5
      objectReference: {fileID: 0}
    - target: {fileID: 1244598745653702146, guid: d344271d313980b41843a75885202bd2, type: 3}
      propertyPath: m_LocalPosition.z
      value: 4.91
      objectReference: {fileID: 0}
    - target: {fileID: 1244598745653702146, guid: d344271d313980b41843a75885202bd2, type: 3}
      propertyPath: m_LocalRotation.w
      value: 1
      objectReference: {fileID: 0}
    - target: {fileID: 1244598745653702146, guid: d344271d313980b41843a75885202bd2, type: 3}
      propertyPath: m_LocalRotation.x
      value: 0
      objectReference: {fileID: 0}
    - target: {fileID: 1244598745653702146, guid: d344271d313980b41843a75885202bd2, type: 3}
      propertyPath: m_LocalRotation.y
      value: 0
      objectReference: {fileID: 0}
    - target: {fileID: 1244598745653702146, guid: d344271d313980b41843a75885202bd2, type: 3}
      propertyPath: m_LocalRotation.z
      value: 0
      objectReference: {fileID: 0}
    - target: {fileID: 1244598745653702146, guid: d344271d313980b41843a75885202bd2, type: 3}
      propertyPath: m_LocalEulerAnglesHint.x
      value: 0
      objectReference: {fileID: 0}
    - target: {fileID: 1244598745653702146, guid: d344271d313980b41843a75885202bd2, type: 3}
      propertyPath: m_LocalEulerAnglesHint.y
      value: 0
      objectReference: {fileID: 0}
    - target: {fileID: 1244598745653702146, guid: d344271d313980b41843a75885202bd2, type: 3}
      propertyPath: m_LocalEulerAnglesHint.z
      value: 0
      objectReference: {fileID: 0}
    - target: {fileID: 1244598745653702148, guid: d344271d313980b41843a75885202bd2, type: 3}
      propertyPath: m_Materials.Array.data[0]
      value: 
      objectReference: {fileID: 2100000, guid: a9d8bd6427aef104abb53577491d6c71, type: 2}
    - target: {fileID: 1244598745653702150, guid: d344271d313980b41843a75885202bd2, type: 3}
      propertyPath: m_Name
      value: BaseCube (3)
      objectReference: {fileID: 0}
    - target: {fileID: 1244598746188261878, guid: d344271d313980b41843a75885202bd2, type: 3}
      propertyPath: m_Text
      value: 2
      objectReference: {fileID: 0}
    - target: {fileID: 1244598746319467436, guid: d344271d313980b41843a75885202bd2, type: 3}
      propertyPath: m_Text
      value: 2
      objectReference: {fileID: 0}
    - target: {fileID: 1244598746411284381, guid: d344271d313980b41843a75885202bd2, type: 3}
      propertyPath: m_Text
      value: 2
      objectReference: {fileID: 0}
    - target: {fileID: 1244598746741649336, guid: d344271d313980b41843a75885202bd2, type: 3}
      propertyPath: m_Text
      value: 2
      objectReference: {fileID: 0}
    - target: {fileID: 1244598747473107045, guid: d344271d313980b41843a75885202bd2, type: 3}
      propertyPath: m_Text
      value: 2
      objectReference: {fileID: 0}
    m_RemovedComponents: []
  m_SourcePrefab: {fileID: 100100000, guid: d344271d313980b41843a75885202bd2, type: 3}
--- !u!4 &6790979233334031728 stripped
Transform:
  m_CorrespondingSourceObject: {fileID: 1244598745653702146, guid: d344271d313980b41843a75885202bd2, type: 3}
  m_PrefabInstance: {fileID: 5727404820813847410}
  m_PrefabAsset: {fileID: 0}
--- !u!1 &6790979233334031732 stripped
GameObject:
  m_CorrespondingSourceObject: {fileID: 1244598745653702150, guid: d344271d313980b41843a75885202bd2, type: 3}
  m_PrefabInstance: {fileID: 5727404820813847410}
  m_PrefabAsset: {fileID: 0}
--- !u!1001 &8527790360422917481
PrefabInstance:
  m_ObjectHideFlags: 0
  serializedVersion: 2
  m_Modification:
    m_TransformParent: {fileID: 2113563917968290340}
    m_Modifications:
    - target: {fileID: 1244598745536752914, guid: d344271d313980b41843a75885202bd2, type: 3}
      propertyPath: m_Text
      value: 4
      objectReference: {fileID: 0}
    - target: {fileID: 1244598745653702146, guid: d344271d313980b41843a75885202bd2, type: 3}
      propertyPath: m_RootOrder
      value: 4
      objectReference: {fileID: 0}
    - target: {fileID: 1244598745653702146, guid: d344271d313980b41843a75885202bd2, type: 3}
      propertyPath: m_LocalPosition.x
      value: -1.6
      objectReference: {fileID: 0}
    - target: {fileID: 1244598745653702146, guid: d344271d313980b41843a75885202bd2, type: 3}
      propertyPath: m_LocalPosition.y
      value: 10.5
      objectReference: {fileID: 0}
    - target: {fileID: 1244598745653702146, guid: d344271d313980b41843a75885202bd2, type: 3}
      propertyPath: m_LocalPosition.z
      value: 6.0599995
      objectReference: {fileID: 0}
    - target: {fileID: 1244598745653702146, guid: d344271d313980b41843a75885202bd2, type: 3}
      propertyPath: m_LocalRotation.w
      value: 1
      objectReference: {fileID: 0}
    - target: {fileID: 1244598745653702146, guid: d344271d313980b41843a75885202bd2, type: 3}
      propertyPath: m_LocalRotation.x
      value: 0
      objectReference: {fileID: 0}
    - target: {fileID: 1244598745653702146, guid: d344271d313980b41843a75885202bd2, type: 3}
      propertyPath: m_LocalRotation.y
      value: 0
      objectReference: {fileID: 0}
    - target: {fileID: 1244598745653702146, guid: d344271d313980b41843a75885202bd2, type: 3}
      propertyPath: m_LocalRotation.z
      value: 0
      objectReference: {fileID: 0}
    - target: {fileID: 1244598745653702146, guid: d344271d313980b41843a75885202bd2, type: 3}
      propertyPath: m_LocalEulerAnglesHint.x
      value: 0
      objectReference: {fileID: 0}
    - target: {fileID: 1244598745653702146, guid: d344271d313980b41843a75885202bd2, type: 3}
      propertyPath: m_LocalEulerAnglesHint.y
      value: 0
      objectReference: {fileID: 0}
    - target: {fileID: 1244598745653702146, guid: d344271d313980b41843a75885202bd2, type: 3}
      propertyPath: m_LocalEulerAnglesHint.z
      value: 0
      objectReference: {fileID: 0}
    - target: {fileID: 1244598745653702148, guid: d344271d313980b41843a75885202bd2, type: 3}
      propertyPath: m_Materials.Array.data[0]
      value: 
      objectReference: {fileID: 2100000, guid: 3a69ea9500288a04396c10e398ec8918, type: 2}
    - target: {fileID: 1244598745653702150, guid: d344271d313980b41843a75885202bd2, type: 3}
      propertyPath: m_Name
      value: BaseCube (4)
      objectReference: {fileID: 0}
    - target: {fileID: 1244598746188261878, guid: d344271d313980b41843a75885202bd2, type: 3}
      propertyPath: m_Text
      value: 4
      objectReference: {fileID: 0}
    - target: {fileID: 1244598746319467436, guid: d344271d313980b41843a75885202bd2, type: 3}
      propertyPath: m_Text
      value: 4
      objectReference: {fileID: 0}
    - target: {fileID: 1244598746411284381, guid: d344271d313980b41843a75885202bd2, type: 3}
      propertyPath: m_Text
      value: 4
      objectReference: {fileID: 0}
    - target: {fileID: 1244598746741649336, guid: d344271d313980b41843a75885202bd2, type: 3}
      propertyPath: m_Text
      value: 4
      objectReference: {fileID: 0}
    - target: {fileID: 1244598747473107045, guid: d344271d313980b41843a75885202bd2, type: 3}
      propertyPath: m_Text
      value: 4
      objectReference: {fileID: 0}
    m_RemovedComponents: []
  m_SourcePrefab: {fileID: 100100000, guid: d344271d313980b41843a75885202bd2, type: 3}
--- !u!4 &7430235498449718123 stripped
Transform:
  m_CorrespondingSourceObject: {fileID: 1244598745653702146, guid: d344271d313980b41843a75885202bd2, type: 3}
  m_PrefabInstance: {fileID: 8527790360422917481}
  m_PrefabAsset: {fileID: 0}
--- !u!1 &7430235498449718127 stripped
GameObject:
  m_CorrespondingSourceObject: {fileID: 1244598745653702150, guid: d344271d313980b41843a75885202bd2, type: 3}
  m_PrefabInstance: {fileID: 8527790360422917481}
  m_PrefabAsset: {fileID: 0}
