%YAML 1.1
%TAG !u! tag:unity3d.com,2011:
--- !u!1 &427490129926684991
GameObject:
  m_ObjectHideFlags: 0
  m_CorrespondingSourceObject: {fileID: 0}
  m_PrefabInstance: {fileID: 0}
  m_PrefabAsset: {fileID: 0}
  serializedVersion: 6
  m_Component:
  - component: {fileID: 2113563917110582734}
  m_Layer: 10
  m_Name: Cubes
  m_TagString: Untagged
  m_Icon: {fileID: 0}
  m_NavMeshLayer: 0
  m_StaticEditorFlags: 0
  m_IsActive: 1
--- !u!4 &2113563917110582734
Transform:
  m_ObjectHideFlags: 0
  m_CorrespondingSourceObject: {fileID: 0}
  m_PrefabInstance: {fileID: 0}
  m_PrefabAsset: {fileID: 0}
  m_GameObject: {fileID: 427490129926684991}
  m_LocalRotation: {x: 0, y: 0, z: 0, w: 1}
  m_LocalPosition: {x: 0, y: 0, z: 0}
  m_LocalScale: {x: 1, y: 1, z: 1}
  m_Children:
  - {fileID: 1094051136931945214}
  - {fileID: 5517764487561125560}
  - {fileID: 7557723398532129363}
  - {fileID: 5569631830779229314}
  - {fileID: 4635626651000246371}
  - {fileID: 4635626650175644311}
  - {fileID: 4635626650396653064}
  - {fileID: 4635626650551012073}
  m_Father: {fileID: 3487604538056962667}
  m_RootOrder: 2
  m_LocalEulerAnglesHint: {x: 0, y: 0, z: 0}
--- !u!114 &2236038744556796348
MonoBehaviour:
  m_ObjectHideFlags: 0
  m_CorrespondingSourceObject: {fileID: 0}
  m_PrefabInstance: {fileID: 0}
  m_PrefabAsset: {fileID: 0}
  m_GameObject: {fileID: 1094051136931945210}
  m_Enabled: 1
  m_EditorHideFlags: 0
  m_Script: {fileID: 11500000, guid: 53eb91dd296937740b753375c6a6aacd, type: 3}
  m_Name: 
  m_EditorClassIdentifier: 
  value: 2
--- !u!114 &814048025
MonoBehaviour:
  m_ObjectHideFlags: 0
  m_CorrespondingSourceObject: {fileID: 0}
  m_PrefabInstance: {fileID: 0}
  m_PrefabAsset: {fileID: 0}
  m_GameObject: {fileID: 4635626650175644307}
  m_Enabled: 1
  m_EditorHideFlags: 0
  m_Script: {fileID: 11500000, guid: 53eb91dd296937740b753375c6a6aacd, type: 3}
  m_Name: 
  m_EditorClassIdentifier: 
  value: 8
--- !u!114 &1135687578
MonoBehaviour:
  m_ObjectHideFlags: 0
  m_CorrespondingSourceObject: {fileID: 0}
  m_PrefabInstance: {fileID: 0}
  m_PrefabAsset: {fileID: 0}
  m_GameObject: {fileID: 4635626650396653068}
  m_Enabled: 1
  m_EditorHideFlags: 0
  m_Script: {fileID: 11500000, guid: 53eb91dd296937740b753375c6a6aacd, type: 3}
  m_Name: 
  m_EditorClassIdentifier: 
  value: 2
--- !u!114 &1256557435
MonoBehaviour:
  m_ObjectHideFlags: 0
  m_CorrespondingSourceObject: {fileID: 0}
  m_PrefabInstance: {fileID: 0}
  m_PrefabAsset: {fileID: 0}
  m_GameObject: {fileID: 4635626650551012077}
  m_Enabled: 1
  m_EditorHideFlags: 0
  m_Script: {fileID: 11500000, guid: 53eb91dd296937740b753375c6a6aacd, type: 3}
  m_Name: 
  m_EditorClassIdentifier: 
  value: 2
--- !u!114 &1740427757
MonoBehaviour:
  m_ObjectHideFlags: 0
  m_CorrespondingSourceObject: {fileID: 0}
  m_PrefabInstance: {fileID: 0}
  m_PrefabAsset: {fileID: 0}
  m_GameObject: {fileID: 4635626651000246375}
  m_Enabled: 1
  m_EditorHideFlags: 0
  m_Script: {fileID: 11500000, guid: 53eb91dd296937740b753375c6a6aacd, type: 3}
  m_Name: 
  m_EditorClassIdentifier: 
  value: 2
--- !u!114 &5640211476290973280
MonoBehaviour:
  m_ObjectHideFlags: 0
  m_CorrespondingSourceObject: {fileID: 0}
  m_PrefabInstance: {fileID: 0}
  m_PrefabAsset: {fileID: 0}
  m_GameObject: {fileID: 5517764487561125564}
  m_Enabled: 1
  m_EditorHideFlags: 0
  m_Script: {fileID: 11500000, guid: 53eb91dd296937740b753375c6a6aacd, type: 3}
  m_Name: 
  m_EditorClassIdentifier: 
  value: 8
--- !u!114 &5830405641242524710
MonoBehaviour:
  m_ObjectHideFlags: 0
  m_CorrespondingSourceObject: {fileID: 0}
  m_PrefabInstance: {fileID: 0}
  m_PrefabAsset: {fileID: 0}
  m_GameObject: {fileID: 5569631830779229318}
  m_Enabled: 1
  m_EditorHideFlags: 0
  m_Script: {fileID: 11500000, guid: 53eb91dd296937740b753375c6a6aacd, type: 3}
  m_Name: 
  m_EditorClassIdentifier: 
  value: 2
--- !u!114 &6114519127043531518
MonoBehaviour:
  m_ObjectHideFlags: 0
  m_CorrespondingSourceObject: {fileID: 0}
  m_PrefabInstance: {fileID: 0}
  m_PrefabAsset: {fileID: 0}
  m_GameObject: {fileID: 7557723398532129367}
  m_Enabled: 1
  m_EditorHideFlags: 0
  m_Script: {fileID: 11500000, guid: 53eb91dd296937740b753375c6a6aacd, type: 3}
  m_Name: 
  m_EditorClassIdentifier: 
  value: 2
--- !u!1001 &2191962472869868796
PrefabInstance:
  m_ObjectHideFlags: 0
  serializedVersion: 2
  m_Modification:
    m_TransformParent: {fileID: 2113563917110582734}
    m_Modifications:
    - target: {fileID: 1244598745536752914, guid: d344271d313980b41843a75885202bd2, type: 3}
      propertyPath: m_Text
      value: 2
      objectReference: {fileID: 0}
    - target: {fileID: 1244598745653702146, guid: d344271d313980b41843a75885202bd2, type: 3}
      propertyPath: m_RootOrder
      value: 0
      objectReference: {fileID: 0}
    - target: {fileID: 1244598745653702146, guid: d344271d313980b41843a75885202bd2, type: 3}
      propertyPath: m_LocalPosition.x
      value: -1.8
      objectReference: {fileID: 0}
    - target: {fileID: 1244598745653702146, guid: d344271d313980b41843a75885202bd2, type: 3}
      propertyPath: m_LocalPosition.y
      value: 14.5
      objectReference: {fileID: 0}
    - target: {fileID: 1244598745653702146, guid: d344271d313980b41843a75885202bd2, type: 3}
      propertyPath: m_LocalPosition.z
      value: 5.5499997
      objectReference: {fileID: 0}
    - target: {fileID: 1244598745653702146, guid: d344271d313980b41843a75885202bd2, type: 3}
      propertyPath: m_LocalRotation.w
      value: 1
      objectReference: {fileID: 0}
    - target: {fileID: 1244598745653702146, guid: d344271d313980b41843a75885202bd2, type: 3}
      propertyPath: m_LocalRotation.x
      value: 0
      objectReference: {fileID: 0}
    - target: {fileID: 1244598745653702146, guid: d344271d313980b41843a75885202bd2, type: 3}
      propertyPath: m_LocalRotation.y
      value: 0
      objectReference: {fileID: 0}
    - target: {fileID: 1244598745653702146, guid: d344271d313980b41843a75885202bd2, type: 3}
      propertyPath: m_LocalRotation.z
      value: 0
      objectReference: {fileID: 0}
    - target: {fileID: 1244598745653702146, guid: d344271d313980b41843a75885202bd2, type: 3}
      propertyPath: m_LocalEulerAnglesHint.x
      value: 0
      objectReference: {fileID: 0}
    - target: {fileID: 1244598745653702146, guid: d344271d313980b41843a75885202bd2, type: 3}
      propertyPath: m_LocalEulerAnglesHint.y
      value: 0
      objectReference: {fileID: 0}
    - target: {fileID: 1244598745653702146, guid: d344271d313980b41843a75885202bd2, type: 3}
      propertyPath: m_LocalEulerAnglesHint.z
      value: 0
      objectReference: {fileID: 0}
    - target: {fileID: 1244598745653702148, guid: d344271d313980b41843a75885202bd2, type: 3}
      propertyPath: m_Materials.Array.data[0]
      value: 
      objectReference: {fileID: 2100000, guid: a9d8bd6427aef104abb53577491d6c71, type: 2}
    - target: {fileID: 1244598745653702150, guid: d344271d313980b41843a75885202bd2, type: 3}
      propertyPath: m_Name
      value: BaseCube
      objectReference: {fileID: 0}
    - target: {fileID: 1244598746188261878, guid: d344271d313980b41843a75885202bd2, type: 3}
      propertyPath: m_Text
      value: 2
      objectReference: {fileID: 0}
    - target: {fileID: 1244598746319467436, guid: d344271d313980b41843a75885202bd2, type: 3}
      propertyPath: m_Text
      value: 2
      objectReference: {fileID: 0}
    - target: {fileID: 1244598746411284381, guid: d344271d313980b41843a75885202bd2, type: 3}
      propertyPath: m_Text
      value: 2
      objectReference: {fileID: 0}
    - target: {fileID: 1244598746741649336, guid: d344271d313980b41843a75885202bd2, type: 3}
      propertyPath: m_Text
      value: 2
      objectReference: {fileID: 0}
    - target: {fileID: 1244598747473107045, guid: d344271d313980b41843a75885202bd2, type: 3}
      propertyPath: m_Text
      value: 2
      objectReference: {fileID: 0}
    m_RemovedComponents: []
  m_SourcePrefab: {fileID: 100100000, guid: d344271d313980b41843a75885202bd2, type: 3}
--- !u!1 &1094051136931945210 stripped
GameObject:
  m_CorrespondingSourceObject: {fileID: 1244598745653702150, guid: d344271d313980b41843a75885202bd2, type: 3}
  m_PrefabInstance: {fileID: 2191962472869868796}
  m_PrefabAsset: {fileID: 0}
--- !u!4 &1094051136931945214 stripped
Transform:
  m_CorrespondingSourceObject: {fileID: 1244598745653702146, guid: d344271d313980b41843a75885202bd2, type: 3}
  m_PrefabInstance: {fileID: 2191962472869868796}
  m_PrefabAsset: {fileID: 0}
--- !u!1001 &5841377725806824597
PrefabInstance:
  m_ObjectHideFlags: 0
  serializedVersion: 2
  m_Modification:
    m_TransformParent: {fileID: 2113563917110582734}
    m_Modifications:
    - target: {fileID: 1244598745536752914, guid: d344271d313980b41843a75885202bd2, type: 3}
      propertyPath: m_Text
      value: 8
      objectReference: {fileID: 0}
    - target: {fileID: 1244598745653702146, guid: d344271d313980b41843a75885202bd2, type: 3}
      propertyPath: m_RootOrder
      value: 5
      objectReference: {fileID: 0}
    - target: {fileID: 1244598745653702146, guid: d344271d313980b41843a75885202bd2, type: 3}
      propertyPath: m_LocalPosition.x
      value: 1.8
      objectReference: {fileID: 0}
    - target: {fileID: 1244598745653702146, guid: d344271d313980b41843a75885202bd2, type: 3}
      propertyPath: m_LocalPosition.y
      value: 20.5
      objectReference: {fileID: 0}
    - target: {fileID: 1244598745653702146, guid: d344271d313980b41843a75885202bd2, type: 3}
      propertyPath: m_LocalPosition.z
      value: 8.97
      objectReference: {fileID: 0}
    - target: {fileID: 1244598745653702146, guid: d344271d313980b41843a75885202bd2, type: 3}
      propertyPath: m_LocalRotation.w
      value: 1
      objectReference: {fileID: 0}
    - target: {fileID: 1244598745653702146, guid: d344271d313980b41843a75885202bd2, type: 3}
      propertyPath: m_LocalRotation.x
      value: 0
      objectReference: {fileID: 0}
    - target: {fileID: 1244598745653702146, guid: d344271d313980b41843a75885202bd2, type: 3}
      propertyPath: m_LocalRotation.y
      value: 0
      objectReference: {fileID: 0}
    - target: {fileID: 1244598745653702146, guid: d344271d313980b41843a75885202bd2, type: 3}
      propertyPath: m_LocalRotation.z
      value: 0
      objectReference: {fileID: 0}
    - target: {fileID: 1244598745653702146, guid: d344271d313980b41843a75885202bd2, type: 3}
      propertyPath: m_LocalEulerAnglesHint.x
      value: 0
      objectReference: {fileID: 0}
    - target: {fileID: 1244598745653702146, guid: d344271d313980b41843a75885202bd2, type: 3}
      propertyPath: m_LocalEulerAnglesHint.y
      value: 0
      objectReference: {fileID: 0}
    - target: {fileID: 1244598745653702146, guid: d344271d313980b41843a75885202bd2, type: 3}
      propertyPath: m_LocalEulerAnglesHint.z
      value: 0
      objectReference: {fileID: 0}
    - target: {fileID: 1244598745653702148, guid: d344271d313980b41843a75885202bd2, type: 3}
      propertyPath: m_Materials.Array.data[0]
      value: 
      objectReference: {fileID: 2100000, guid: 2dd271f31e4cba24abf188e6efa78de5, type: 2}
    - target: {fileID: 1244598745653702150, guid: d344271d313980b41843a75885202bd2, type: 3}
      propertyPath: m_Name
      value: BaseCube (5)
      objectReference: {fileID: 0}
    - target: {fileID: 1244598746188261878, guid: d344271d313980b41843a75885202bd2, type: 3}
      propertyPath: m_Text
      value: 8
      objectReference: {fileID: 0}
    - target: {fileID: 1244598746319467436, guid: d344271d313980b41843a75885202bd2, type: 3}
      propertyPath: m_Text
      value: 8
      objectReference: {fileID: 0}
    - target: {fileID: 1244598746411284381, guid: d344271d313980b41843a75885202bd2, type: 3}
      propertyPath: m_Text
      value: 8
      objectReference: {fileID: 0}
    - target: {fileID: 1244598746741649336, guid: d344271d313980b41843a75885202bd2, type: 3}
      propertyPath: m_Text
      value: 8
      objectReference: {fileID: 0}
    - target: {fileID: 1244598747473107045, guid: d344271d313980b41843a75885202bd2, type: 3}
      propertyPath: m_Text
      value: 8
      objectReference: {fileID: 0}
    m_RemovedComponents: []
  m_SourcePrefab: {fileID: 100100000, guid: d344271d313980b41843a75885202bd2, type: 3}
--- !u!1 &4635626650175644307 stripped
GameObject:
  m_CorrespondingSourceObject: {fileID: 1244598745653702150, guid: d344271d313980b41843a75885202bd2, type: 3}
  m_PrefabInstance: {fileID: 5841377725806824597}
  m_PrefabAsset: {fileID: 0}
--- !u!4 &4635626650175644311 stripped
Transform:
  m_CorrespondingSourceObject: {fileID: 1244598745653702146, guid: d344271d313980b41843a75885202bd2, type: 3}
  m_PrefabInstance: {fileID: 5841377725806824597}
  m_PrefabAsset: {fileID: 0}
--- !u!1001 &5841377725980910827
PrefabInstance:
  m_ObjectHideFlags: 0
  serializedVersion: 2
  m_Modification:
    m_TransformParent: {fileID: 2113563917110582734}
    m_Modifications:
    - target: {fileID: 1244598745536752914, guid: d344271d313980b41843a75885202bd2, type: 3}
      propertyPath: m_Text
      value: 2
      objectReference: {fileID: 0}
    - target: {fileID: 1244598745653702146, guid: d344271d313980b41843a75885202bd2, type: 3}
      propertyPath: m_RootOrder
      value: 7
      objectReference: {fileID: 0}
    - target: {fileID: 1244598745653702146, guid: d344271d313980b41843a75885202bd2, type: 3}
      propertyPath: m_LocalPosition.x
      value: 0.74
      objectReference: {fileID: 0}
    - target: {fileID: 1244598745653702146, guid: d344271d313980b41843a75885202bd2, type: 3}
      propertyPath: m_LocalPosition.y
      value: 16.5
      objectReference: {fileID: 0}
    - target: {fileID: 1244598745653702146, guid: d344271d313980b41843a75885202bd2, type: 3}
      propertyPath: m_LocalPosition.z
      value: 8.98
      objectReference: {fileID: 0}
    - target: {fileID: 1244598745653702146, guid: d344271d313980b41843a75885202bd2, type: 3}
      propertyPath: m_LocalRotation.w
      value: 1
      objectReference: {fileID: 0}
    - target: {fileID: 1244598745653702146, guid: d344271d313980b41843a75885202bd2, type: 3}
      propertyPath: m_LocalRotation.x
      value: 0
      objectReference: {fileID: 0}
    - target: {fileID: 1244598745653702146, guid: d344271d313980b41843a75885202bd2, type: 3}
      propertyPath: m_LocalRotation.y
      value: 0
      objectReference: {fileID: 0}
    - target: {fileID: 1244598745653702146, guid: d344271d313980b41843a75885202bd2, type: 3}
      propertyPath: m_LocalRotation.z
      value: 0
      objectReference: {fileID: 0}
    - target: {fileID: 1244598745653702146, guid: d344271d313980b41843a75885202bd2, type: 3}
      propertyPath: m_LocalEulerAnglesHint.x
      value: 0
      objectReference: {fileID: 0}
    - target: {fileID: 1244598745653702146, guid: d344271d313980b41843a75885202bd2, type: 3}
      propertyPath: m_LocalEulerAnglesHint.y
      value: 0
      objectReference: {fileID: 0}
    - target: {fileID: 1244598745653702146, guid: d344271d313980b41843a75885202bd2, type: 3}
      propertyPath: m_LocalEulerAnglesHint.z
      value: 0
      objectReference: {fileID: 0}
    - target: {fileID: 1244598745653702148, guid: d344271d313980b41843a75885202bd2, type: 3}
      propertyPath: m_Materials.Array.data[0]
      value: 
      objectReference: {fileID: 2100000, guid: a9d8bd6427aef104abb53577491d6c71, type: 2}
    - target: {fileID: 1244598745653702150, guid: d344271d313980b41843a75885202bd2, type: 3}
      propertyPath: m_Name
      value: BaseCube (7)
      objectReference: {fileID: 0}
    - target: {fileID: 1244598746188261878, guid: d344271d313980b41843a75885202bd2, type: 3}
      propertyPath: m_Text
      value: 2
      objectReference: {fileID: 0}
    - target: {fileID: 1244598746319467436, guid: d344271d313980b41843a75885202bd2, type: 3}
      propertyPath: m_Text
      value: 2
      objectReference: {fileID: 0}
    - target: {fileID: 1244598746411284381, guid: d344271d313980b41843a75885202bd2, type: 3}
      propertyPath: m_Text
      value: 2
      objectReference: {fileID: 0}
    - target: {fileID: 1244598746741649336, guid: d344271d313980b41843a75885202bd2, type: 3}
      propertyPath: m_Text
      value: 2
      objectReference: {fileID: 0}
    - target: {fileID: 1244598747473107045, guid: d344271d313980b41843a75885202bd2, type: 3}
      propertyPath: m_Text
      value: 2
      objectReference: {fileID: 0}
    m_RemovedComponents: []
  m_SourcePrefab: {fileID: 100100000, guid: d344271d313980b41843a75885202bd2, type: 3}
--- !u!1 &4635626650551012077 stripped
GameObject:
  m_CorrespondingSourceObject: {fileID: 1244598745653702150, guid: d344271d313980b41843a75885202bd2, type: 3}
  m_PrefabInstance: {fileID: 5841377725980910827}
  m_PrefabAsset: {fileID: 0}
--- !u!4 &4635626650551012073 stripped
Transform:
  m_CorrespondingSourceObject: {fileID: 1244598745653702146, guid: d344271d313980b41843a75885202bd2, type: 3}
  m_PrefabInstance: {fileID: 5841377725980910827}
  m_PrefabAsset: {fileID: 0}
--- !u!1001 &5841377726093334538
PrefabInstance:
  m_ObjectHideFlags: 0
  serializedVersion: 2
  m_Modification:
    m_TransformParent: {fileID: 2113563917110582734}
    m_Modifications:
    - target: {fileID: 1244598745536752914, guid: d344271d313980b41843a75885202bd2, type: 3}
      propertyPath: m_Text
      value: 2
      objectReference: {fileID: 0}
    - target: {fileID: 1244598745653702146, guid: d344271d313980b41843a75885202bd2, type: 3}
      propertyPath: m_RootOrder
      value: 6
      objectReference: {fileID: 0}
    - target: {fileID: 1244598745653702146, guid: d344271d313980b41843a75885202bd2, type: 3}
      propertyPath: m_LocalPosition.x
      value: 1.8
      objectReference: {fileID: 0}
    - target: {fileID: 1244598745653702146, guid: d344271d313980b41843a75885202bd2, type: 3}
      propertyPath: m_LocalPosition.y
      value: 18.5
      objectReference: {fileID: 0}
    - target: {fileID: 1244598745653702146, guid: d344271d313980b41843a75885202bd2, type: 3}
      propertyPath: m_LocalPosition.z
      value: 10.03
      objectReference: {fileID: 0}
    - target: {fileID: 1244598745653702146, guid: d344271d313980b41843a75885202bd2, type: 3}
      propertyPath: m_LocalRotation.w
      value: 1
      objectReference: {fileID: 0}
    - target: {fileID: 1244598745653702146, guid: d344271d313980b41843a75885202bd2, type: 3}
      propertyPath: m_LocalRotation.x
      value: 0
      objectReference: {fileID: 0}
    - target: {fileID: 1244598745653702146, guid: d344271d313980b41843a75885202bd2, type: 3}
      propertyPath: m_LocalRotation.y
      value: 0
      objectReference: {fileID: 0}
    - target: {fileID: 1244598745653702146, guid: d344271d313980b41843a75885202bd2, type: 3}
      propertyPath: m_LocalRotation.z
      value: 0
      objectReference: {fileID: 0}
    - target: {fileID: 1244598745653702146, guid: d344271d313980b41843a75885202bd2, type: 3}
      propertyPath: m_LocalEulerAnglesHint.x
      value: 0
      objectReference: {fileID: 0}
    - target: {fileID: 1244598745653702146, guid: d344271d313980b41843a75885202bd2, type: 3}
      propertyPath: m_LocalEulerAnglesHint.y
      value: 0
      objectReference: {fileID: 0}
    - target: {fileID: 1244598745653702146, guid: d344271d313980b41843a75885202bd2, type: 3}
      propertyPath: m_LocalEulerAnglesHint.z
      value: 0
      objectReference: {fileID: 0}
    - target: {fileID: 1244598745653702148, guid: d344271d313980b41843a75885202bd2, type: 3}
      propertyPath: m_Materials.Array.data[0]
      value: 
      objectReference: {fileID: 2100000, guid: a9d8bd6427aef104abb53577491d6c71, type: 2}
    - target: {fileID: 1244598745653702150, guid: d344271d313980b41843a75885202bd2, type: 3}
      propertyPath: m_Name
      value: BaseCube (6)
      objectReference: {fileID: 0}
    - target: {fileID: 1244598746188261878, guid: d344271d313980b41843a75885202bd2, type: 3}
      propertyPath: m_Text
      value: 2
      objectReference: {fileID: 0}
    - target: {fileID: 1244598746319467436, guid: d344271d313980b41843a75885202bd2, type: 3}
      propertyPath: m_Text
      value: 2
      objectReference: {fileID: 0}
    - target: {fileID: 1244598746411284381, guid: d344271d313980b41843a75885202bd2, type: 3}
      propertyPath: m_Text
      value: 2
      objectReference: {fileID: 0}
    - target: {fileID: 1244598746741649336, guid: d344271d313980b41843a75885202bd2, type: 3}
      propertyPath: m_Text
      value: 2
      objectReference: {fileID: 0}
    - target: {fileID: 1244598747473107045, guid: d344271d313980b41843a75885202bd2, type: 3}
      propertyPath: m_Text
      value: 2
      objectReference: {fileID: 0}
    m_RemovedComponents: []
  m_SourcePrefab: {fileID: 100100000, guid: d344271d313980b41843a75885202bd2, type: 3}
--- !u!1 &4635626650396653068 stripped
GameObject:
  m_CorrespondingSourceObject: {fileID: 1244598745653702150, guid: d344271d313980b41843a75885202bd2, type: 3}
  m_PrefabInstance: {fileID: 5841377726093334538}
  m_PrefabAsset: {fileID: 0}
--- !u!4 &4635626650396653064 stripped
Transform:
  m_CorrespondingSourceObject: {fileID: 1244598745653702146, guid: d344271d313980b41843a75885202bd2, type: 3}
  m_PrefabInstance: {fileID: 5841377726093334538}
  m_PrefabAsset: {fileID: 0}
--- !u!1001 &5841377726696652385
PrefabInstance:
  m_ObjectHideFlags: 0
  serializedVersion: 2
  m_Modification:
    m_TransformParent: {fileID: 2113563917110582734}
    m_Modifications:
    - target: {fileID: 1244598745536752914, guid: d344271d313980b41843a75885202bd2, type: 3}
      propertyPath: m_Text
      value: 2
      objectReference: {fileID: 0}
    - target: {fileID: 1244598745653702146, guid: d344271d313980b41843a75885202bd2, type: 3}
      propertyPath: m_RootOrder
      value: 4
      objectReference: {fileID: 0}
    - target: {fileID: 1244598745653702146, guid: d344271d313980b41843a75885202bd2, type: 3}
      propertyPath: m_LocalPosition.x
      value: 1.8
      objectReference: {fileID: 0}
    - target: {fileID: 1244598745653702146, guid: d344271d313980b41843a75885202bd2, type: 3}
      propertyPath: m_LocalPosition.y
      value: 22.5
      objectReference: {fileID: 0}
    - target: {fileID: 1244598745653702146, guid: d344271d313980b41843a75885202bd2, type: 3}
      propertyPath: m_LocalPosition.z
      value: 7.9199996
      objectReference: {fileID: 0}
    - target: {fileID: 1244598745653702146, guid: d344271d313980b41843a75885202bd2, type: 3}
      propertyPath: m_LocalRotation.w
      value: 1
      objectReference: {fileID: 0}
    - target: {fileID: 1244598745653702146, guid: d344271d313980b41843a75885202bd2, type: 3}
      propertyPath: m_LocalRotation.x
      value: 0
      objectReference: {fileID: 0}
    - target: {fileID: 1244598745653702146, guid: d344271d313980b41843a75885202bd2, type: 3}
      propertyPath: m_LocalRotation.y
      value: 0
      objectReference: {fileID: 0}
    - target: {fileID: 1244598745653702146, guid: d344271d313980b41843a75885202bd2, type: 3}
      propertyPath: m_LocalRotation.z
      value: 0
      objectReference: {fileID: 0}
    - target: {fileID: 1244598745653702146, guid: d344271d313980b41843a75885202bd2, type: 3}
      propertyPath: m_LocalEulerAnglesHint.x
      value: 0
      objectReference: {fileID: 0}
    - target: {fileID: 1244598745653702146, guid: d344271d313980b41843a75885202bd2, type: 3}
      propertyPath: m_LocalEulerAnglesHint.y
      value: 0
      objectReference: {fileID: 0}
    - target: {fileID: 1244598745653702146, guid: d344271d313980b41843a75885202bd2, type: 3}
      propertyPath: m_LocalEulerAnglesHint.z
      value: 0
      objectReference: {fileID: 0}
    - target: {fileID: 1244598745653702148, guid: d344271d313980b41843a75885202bd2, type: 3}
      propertyPath: m_Materials.Array.data[0]
      value: 
      objectReference: {fileID: 2100000, guid: a9d8bd6427aef104abb53577491d6c71, type: 2}
    - target: {fileID: 1244598745653702150, guid: d344271d313980b41843a75885202bd2, type: 3}
      propertyPath: m_Name
      value: BaseCube (4)
      objectReference: {fileID: 0}
    - target: {fileID: 1244598746188261878, guid: d344271d313980b41843a75885202bd2, type: 3}
      propertyPath: m_Text
      value: 2
      objectReference: {fileID: 0}
    - target: {fileID: 1244598746319467436, guid: d344271d313980b41843a75885202bd2, type: 3}
      propertyPath: m_Text
      value: 2
      objectReference: {fileID: 0}
    - target: {fileID: 1244598746411284381, guid: d344271d313980b41843a75885202bd2, type: 3}
      propertyPath: m_Text
      value: 2
      objectReference: {fileID: 0}
    - target: {fileID: 1244598746741649336, guid: d344271d313980b41843a75885202bd2, type: 3}
      propertyPath: m_Text
      value: 2
      objectReference: {fileID: 0}
    - target: {fileID: 1244598747473107045, guid: d344271d313980b41843a75885202bd2, type: 3}
      propertyPath: m_Text
      value: 2
      objectReference: {fileID: 0}
    m_RemovedComponents: []
  m_SourcePrefab: {fileID: 100100000, guid: d344271d313980b41843a75885202bd2, type: 3}
--- !u!4 &4635626651000246371 stripped
Transform:
  m_CorrespondingSourceObject: {fileID: 1244598745653702146, guid: d344271d313980b41843a75885202bd2, type: 3}
  m_PrefabInstance: {fileID: 5841377726696652385}
  m_PrefabAsset: {fileID: 0}
--- !u!1 &4635626651000246375 stripped
GameObject:
  m_CorrespondingSourceObject: {fileID: 1244598745653702150, guid: d344271d313980b41843a75885202bd2, type: 3}
  m_PrefabInstance: {fileID: 5841377726696652385}
  m_PrefabAsset: {fileID: 0}
--- !u!1001 &6633517834521025152
PrefabInstance:
  m_ObjectHideFlags: 0
  serializedVersion: 2
  m_Modification:
    m_TransformParent: {fileID: 2113563917110582734}
    m_Modifications:
    - target: {fileID: 1244598745536752914, guid: d344271d313980b41843a75885202bd2, type: 3}
      propertyPath: m_Text
      value: 2
      objectReference: {fileID: 0}
    - target: {fileID: 1244598745653702146, guid: d344271d313980b41843a75885202bd2, type: 3}
      propertyPath: m_RootOrder
      value: 3
      objectReference: {fileID: 0}
    - target: {fileID: 1244598745653702146, guid: d344271d313980b41843a75885202bd2, type: 3}
      propertyPath: m_LocalPosition.x
      value: -0.75
      objectReference: {fileID: 0}
    - target: {fileID: 1244598745653702146, guid: d344271d313980b41843a75885202bd2, type: 3}
      propertyPath: m_LocalPosition.y
      value: 8.5
      objectReference: {fileID: 0}
    - target: {fileID: 1244598745653702146, guid: d344271d313980b41843a75885202bd2, type: 3}
      propertyPath: m_LocalPosition.z
      value: 6.62
      objectReference: {fileID: 0}
    - target: {fileID: 1244598745653702146, guid: d344271d313980b41843a75885202bd2, type: 3}
      propertyPath: m_LocalRotation.w
      value: 1
      objectReference: {fileID: 0}
    - target: {fileID: 1244598745653702146, guid: d344271d313980b41843a75885202bd2, type: 3}
      propertyPath: m_LocalRotation.x
      value: 0
      objectReference: {fileID: 0}
    - target: {fileID: 1244598745653702146, guid: d344271d313980b41843a75885202bd2, type: 3}
      propertyPath: m_LocalRotation.y
      value: 0
      objectReference: {fileID: 0}
    - target: {fileID: 1244598745653702146, guid: d344271d313980b41843a75885202bd2, type: 3}
      propertyPath: m_LocalRotation.z
      value: 0
      objectReference: {fileID: 0}
    - target: {fileID: 1244598745653702146, guid: d344271d313980b41843a75885202bd2, type: 3}
      propertyPath: m_LocalEulerAnglesHint.x
      value: 0
      objectReference: {fileID: 0}
    - target: {fileID: 1244598745653702146, guid: d344271d313980b41843a75885202bd2, type: 3}
      propertyPath: m_LocalEulerAnglesHint.y
      value: 0
      objectReference: {fileID: 0}
    - target: {fileID: 1244598745653702146, guid: d344271d313980b41843a75885202bd2, type: 3}
      propertyPath: m_LocalEulerAnglesHint.z
      value: 0
      objectReference: {fileID: 0}
    - target: {fileID: 1244598745653702148, guid: d344271d313980b41843a75885202bd2, type: 3}
      propertyPath: m_Materials.Array.data[0]
      value: 
      objectReference: {fileID: 2100000, guid: a9d8bd6427aef104abb53577491d6c71, type: 2}
    - target: {fileID: 1244598745653702150, guid: d344271d313980b41843a75885202bd2, type: 3}
      propertyPath: m_Name
      value: BaseCube (3)
      objectReference: {fileID: 0}
    - target: {fileID: 1244598746188261878, guid: d344271d313980b41843a75885202bd2, type: 3}
      propertyPath: m_Text
      value: 2
      objectReference: {fileID: 0}
    - target: {fileID: 1244598746319467436, guid: d344271d313980b41843a75885202bd2, type: 3}
      propertyPath: m_Text
      value: 2
      objectReference: {fileID: 0}
    - target: {fileID: 1244598746411284381, guid: d344271d313980b41843a75885202bd2, type: 3}
      propertyPath: m_Text
      value: 2
      objectReference: {fileID: 0}
    - target: {fileID: 1244598746741649336, guid: d344271d313980b41843a75885202bd2, type: 3}
      propertyPath: m_Text
      value: 2
      objectReference: {fileID: 0}
    - target: {fileID: 1244598747473107045, guid: d344271d313980b41843a75885202bd2, type: 3}
      propertyPath: m_Text
      value: 2
      objectReference: {fileID: 0}
    m_RemovedComponents: []
  m_SourcePrefab: {fileID: 100100000, guid: d344271d313980b41843a75885202bd2, type: 3}
--- !u!4 &5569631830779229314 stripped
Transform:
  m_CorrespondingSourceObject: {fileID: 1244598745653702146, guid: d344271d313980b41843a75885202bd2, type: 3}
  m_PrefabInstance: {fileID: 6633517834521025152}
  m_PrefabAsset: {fileID: 0}
--- !u!1 &5569631830779229318 stripped
GameObject:
  m_CorrespondingSourceObject: {fileID: 1244598745653702150, guid: d344271d313980b41843a75885202bd2, type: 3}
  m_PrefabInstance: {fileID: 6633517834521025152}
  m_PrefabAsset: {fileID: 0}
--- !u!1001 &6761796838359920826
PrefabInstance:
  m_ObjectHideFlags: 0
  serializedVersion: 2
  m_Modification:
    m_TransformParent: {fileID: 2113563917110582734}
    m_Modifications:
    - target: {fileID: 1244598745536752914, guid: d344271d313980b41843a75885202bd2, type: 3}
      propertyPath: m_Text
      value: 8
      objectReference: {fileID: 0}
    - target: {fileID: 1244598745653702146, guid: d344271d313980b41843a75885202bd2, type: 3}
      propertyPath: m_RootOrder
      value: 1
      objectReference: {fileID: 0}
    - target: {fileID: 1244598745653702146, guid: d344271d313980b41843a75885202bd2, type: 3}
      propertyPath: m_LocalPosition.x
      value: -1.8
      objectReference: {fileID: 0}
    - target: {fileID: 1244598745653702146, guid: d344271d313980b41843a75885202bd2, type: 3}
      propertyPath: m_LocalPosition.y
      value: 12.5
      objectReference: {fileID: 0}
    - target: {fileID: 1244598745653702146, guid: d344271d313980b41843a75885202bd2, type: 3}
      propertyPath: m_LocalPosition.z
      value: 6.62
      objectReference: {fileID: 0}
    - target: {fileID: 1244598745653702146, guid: d344271d313980b41843a75885202bd2, type: 3}
      propertyPath: m_LocalRotation.w
      value: 1
      objectReference: {fileID: 0}
    - target: {fileID: 1244598745653702146, guid: d344271d313980b41843a75885202bd2, type: 3}
      propertyPath: m_LocalRotation.x
      value: 0
      objectReference: {fileID: 0}
    - target: {fileID: 1244598745653702146, guid: d344271d313980b41843a75885202bd2, type: 3}
      propertyPath: m_LocalRotation.y
      value: 0
      objectReference: {fileID: 0}
    - target: {fileID: 1244598745653702146, guid: d344271d313980b41843a75885202bd2, type: 3}
      propertyPath: m_LocalRotation.z
      value: 0
      objectReference: {fileID: 0}
    - target: {fileID: 1244598745653702146, guid: d344271d313980b41843a75885202bd2, type: 3}
      propertyPath: m_LocalEulerAnglesHint.x
      value: 0
      objectReference: {fileID: 0}
    - target: {fileID: 1244598745653702146, guid: d344271d313980b41843a75885202bd2, type: 3}
      propertyPath: m_LocalEulerAnglesHint.y
      value: 0
      objectReference: {fileID: 0}
    - target: {fileID: 1244598745653702146, guid: d344271d313980b41843a75885202bd2, type: 3}
      propertyPath: m_LocalEulerAnglesHint.z
      value: 0
      objectReference: {fileID: 0}
    - target: {fileID: 1244598745653702148, guid: d344271d313980b41843a75885202bd2, type: 3}
      propertyPath: m_Materials.Array.data[0]
      value: 
      objectReference: {fileID: 2100000, guid: 2dd271f31e4cba24abf188e6efa78de5, type: 2}
    - target: {fileID: 1244598745653702150, guid: d344271d313980b41843a75885202bd2, type: 3}
      propertyPath: m_Name
      value: BaseCube (1)
      objectReference: {fileID: 0}
    - target: {fileID: 1244598746188261878, guid: d344271d313980b41843a75885202bd2, type: 3}
      propertyPath: m_Text
      value: 8
      objectReference: {fileID: 0}
    - target: {fileID: 1244598746319467436, guid: d344271d313980b41843a75885202bd2, type: 3}
      propertyPath: m_Text
      value: 8
      objectReference: {fileID: 0}
    - target: {fileID: 1244598746411284381, guid: d344271d313980b41843a75885202bd2, type: 3}
      propertyPath: m_Text
      value: 8
      objectReference: {fileID: 0}
    - target: {fileID: 1244598746741649336, guid: d344271d313980b41843a75885202bd2, type: 3}
      propertyPath: m_Text
      value: 8
      objectReference: {fileID: 0}
    - target: {fileID: 1244598747473107045, guid: d344271d313980b41843a75885202bd2, type: 3}
      propertyPath: m_Text
      value: 8
      objectReference: {fileID: 0}
    m_RemovedComponents: []
  m_SourcePrefab: {fileID: 100100000, guid: d344271d313980b41843a75885202bd2, type: 3}
--- !u!1 &5517764487561125564 stripped
GameObject:
  m_CorrespondingSourceObject: {fileID: 1244598745653702150, guid: d344271d313980b41843a75885202bd2, type: 3}
  m_PrefabInstance: {fileID: 6761796838359920826}
  m_PrefabAsset: {fileID: 0}
--- !u!4 &5517764487561125560 stripped
Transform:
  m_CorrespondingSourceObject: {fileID: 1244598745653702146, guid: d344271d313980b41843a75885202bd2, type: 3}
  m_PrefabInstance: {fileID: 6761796838359920826}
  m_PrefabAsset: {fileID: 0}
--- !u!1001 &8431437638191918758
PrefabInstance:
  m_ObjectHideFlags: 0
  serializedVersion: 2
  m_Modification:
    m_TransformParent: {fileID: 0}
    m_Modifications:
    - target: {fileID: 3371604598636183084, guid: 2fb844370785d4949b90627e37d04639, type: 3}
      propertyPath: m_RootOrder
      value: 3
      objectReference: {fileID: 0}
    - target: {fileID: 5000136901369969028, guid: 2fb844370785d4949b90627e37d04639, type: 3}
      propertyPath: m_Name
      value: 5
      objectReference: {fileID: 0}
    - target: {fileID: 5000136901369969028, guid: 2fb844370785d4949b90627e37d04639, type: 3}
      propertyPath: m_IsActive
      value: 1
      objectReference: {fileID: 0}
    - target: {fileID: 5000136901369969029, guid: 2fb844370785d4949b90627e37d04639, type: 3}
      propertyPath: m_RootOrder
      value: 0
      objectReference: {fileID: 0}
    - target: {fileID: 5000136901369969029, guid: 2fb844370785d4949b90627e37d04639, type: 3}
      propertyPath: m_LocalPosition.x
      value: 0
      objectReference: {fileID: 0}
    - target: {fileID: 5000136901369969029, guid: 2fb844370785d4949b90627e37d04639, type: 3}
      propertyPath: m_LocalPosition.y
      value: 0
      objectReference: {fileID: 0}
    - target: {fileID: 5000136901369969029, guid: 2fb844370785d4949b90627e37d04639, type: 3}
      propertyPath: m_LocalPosition.z
      value: 0
      objectReference: {fileID: 0}
    - target: {fileID: 5000136901369969029, guid: 2fb844370785d4949b90627e37d04639, type: 3}
      propertyPath: m_LocalRotation.w
      value: 1
      objectReference: {fileID: 0}
    - target: {fileID: 5000136901369969029, guid: 2fb844370785d4949b90627e37d04639, type: 3}
      propertyPath: m_LocalRotation.x
      value: 0
      objectReference: {fileID: 0}
    - target: {fileID: 5000136901369969029, guid: 2fb844370785d4949b90627e37d04639, type: 3}
      propertyPath: m_LocalRotation.y
      value: 0
      objectReference: {fileID: 0}
    - target: {fileID: 5000136901369969029, guid: 2fb844370785d4949b90627e37d04639, type: 3}
      propertyPath: m_LocalRotation.z
      value: 0
      objectReference: {fileID: 0}
    - target: {fileID: 5000136901369969029, guid: 2fb844370785d4949b90627e37d04639, type: 3}
      propertyPath: m_LocalEulerAnglesHint.x
      value: 0
      objectReference: {fileID: 0}
    - target: {fileID: 5000136901369969029, guid: 2fb844370785d4949b90627e37d04639, type: 3}
      propertyPath: m_LocalEulerAnglesHint.y
      value: 0
      objectReference: {fileID: 0}
    - target: {fileID: 5000136901369969029, guid: 2fb844370785d4949b90627e37d04639, type: 3}
      propertyPath: m_LocalEulerAnglesHint.z
      value: 0
      objectReference: {fileID: 0}
    m_RemovedComponents: []
  m_SourcePrefab: {fileID: 100100000, guid: 2fb844370785d4949b90627e37d04639, type: 3}
--- !u!4 &3487604538056962667 stripped
Transform:
  m_CorrespondingSourceObject: {fileID: 5000136902496836813, guid: 2fb844370785d4949b90627e37d04639, type: 3}
  m_PrefabInstance: {fileID: 8431437638191918758}
  m_PrefabAsset: {fileID: 0}
--- !u!1001 &8766219928995859537
PrefabInstance:
  m_ObjectHideFlags: 0
  serializedVersion: 2
  m_Modification:
    m_TransformParent: {fileID: 2113563917110582734}
    m_Modifications:
    - target: {fileID: 1244598745536752914, guid: d344271d313980b41843a75885202bd2, type: 3}
      propertyPath: m_Text
      value: 2
      objectReference: {fileID: 0}
    - target: {fileID: 1244598745653702146, guid: d344271d313980b41843a75885202bd2, type: 3}
      propertyPath: m_RootOrder
      value: 2
      objectReference: {fileID: 0}
    - target: {fileID: 1244598745653702146, guid: d344271d313980b41843a75885202bd2, type: 3}
      propertyPath: m_LocalPosition.x
      value: -1.8
      objectReference: {fileID: 0}
    - target: {fileID: 1244598745653702146, guid: d344271d313980b41843a75885202bd2, type: 3}
      propertyPath: m_LocalPosition.y
      value: 10.5
      objectReference: {fileID: 0}
    - target: {fileID: 1244598745653702146, guid: d344271d313980b41843a75885202bd2, type: 3}
      propertyPath: m_LocalPosition.z
      value: 7.66
      objectReference: {fileID: 0}
    - target: {fileID: 1244598745653702146, guid: d344271d313980b41843a75885202bd2, type: 3}
      propertyPath: m_LocalRotation.w
      value: 1
      objectReference: {fileID: 0}
    - target: {fileID: 1244598745653702146, guid: d344271d313980b41843a75885202bd2, type: 3}
      propertyPath: m_LocalRotation.x
      value: 0
      objectReference: {fileID: 0}
    - target: {fileID: 1244598745653702146, guid: d344271d313980b41843a75885202bd2, type: 3}
      propertyPath: m_LocalRotation.y
      value: 0
      objectReference: {fileID: 0}
    - target: {fileID: 1244598745653702146, guid: d344271d313980b41843a75885202bd2, type: 3}
      propertyPath: m_LocalRotation.z
      value: 0
      objectReference: {fileID: 0}
    - target: {fileID: 1244598745653702146, guid: d344271d313980b41843a75885202bd2, type: 3}
      propertyPath: m_LocalEulerAnglesHint.x
      value: 0
      objectReference: {fileID: 0}
    - target: {fileID: 1244598745653702146, guid: d344271d313980b41843a75885202bd2, type: 3}
      propertyPath: m_LocalEulerAnglesHint.y
      value: 0
      objectReference: {fileID: 0}
    - target: {fileID: 1244598745653702146, guid: d344271d313980b41843a75885202bd2, type: 3}
      propertyPath: m_LocalEulerAnglesHint.z
      value: 0
      objectReference: {fileID: 0}
    - target: {fileID: 1244598745653702148, guid: d344271d313980b41843a75885202bd2, type: 3}
      propertyPath: m_Materials.Array.data[0]
      value: 
      objectReference: {fileID: 2100000, guid: a9d8bd6427aef104abb53577491d6c71, type: 2}
    - target: {fileID: 1244598745653702150, guid: d344271d313980b41843a75885202bd2, type: 3}
      propertyPath: m_Name
      value: BaseCube (2)
      objectReference: {fileID: 0}
    - target: {fileID: 1244598746188261878, guid: d344271d313980b41843a75885202bd2, type: 3}
      propertyPath: m_Text
      value: 2
      objectReference: {fileID: 0}
    - target: {fileID: 1244598746319467436, guid: d344271d313980b41843a75885202bd2, type: 3}
      propertyPath: m_Text
      value: 2
      objectReference: {fileID: 0}
    - target: {fileID: 1244598746411284381, guid: d344271d313980b41843a75885202bd2, type: 3}
      propertyPath: m_Text
      value: 2
      objectReference: {fileID: 0}
    - target: {fileID: 1244598746741649336, guid: d344271d313980b41843a75885202bd2, type: 3}
      propertyPath: m_Text
      value: 2
      objectReference: {fileID: 0}
    - target: {fileID: 1244598747473107045, guid: d344271d313980b41843a75885202bd2, type: 3}
      propertyPath: m_Text
      value: 2
      objectReference: {fileID: 0}
    m_RemovedComponents: []
  m_SourcePrefab: {fileID: 100100000, guid: d344271d313980b41843a75885202bd2, type: 3}
--- !u!4 &7557723398532129363 stripped
Transform:
  m_CorrespondingSourceObject: {fileID: 1244598745653702146, guid: d344271d313980b41843a75885202bd2, type: 3}
  m_PrefabInstance: {fileID: 8766219928995859537}
  m_PrefabAsset: {fileID: 0}
--- !u!1 &7557723398532129367 stripped
GameObject:
  m_CorrespondingSourceObject: {fileID: 1244598745653702150, guid: d344271d313980b41843a75885202bd2, type: 3}
  m_PrefabInstance: {fileID: 8766219928995859537}
  m_PrefabAsset: {fileID: 0}
