%YAML 1.1
%TAG !u! tag:unity3d.com,2011:
--- !u!114 &2236038745955620438
MonoBehaviour:
  m_ObjectHideFlags: 0
  m_CorrespondingSourceObject: {fileID: 0}
  m_PrefabInstance: {fileID: 0}
  m_PrefabAsset: {fileID: 0}
  m_GameObject: {fileID: 396545738894003026}
  m_Enabled: 1
  m_EditorHideFlags: 0
  m_Script: {fileID: 11500000, guid: 53eb91dd296937740b753375c6a6aacd, type: 3}
  m_Name: 
  m_EditorClassIdentifier: 
  value: 2
--- !u!1 &427490130788658901
GameObject:
  m_ObjectHideFlags: 0
  m_CorrespondingSourceObject: {fileID: 0}
  m_PrefabInstance: {fileID: 0}
  m_PrefabAsset: {fileID: 0}
  serializedVersion: 6
  m_Component:
  - component: {fileID: 2113563917968290340}
  m_Layer: 10
  m_Name: Cubes
  m_TagString: Untagged
  m_Icon: {fileID: 0}
  m_NavMeshLayer: 0
  m_StaticEditorFlags: 0
  m_IsActive: 1
--- !u!4 &2113563917968290340
Transform:
  m_ObjectHideFlags: 0
  m_CorrespondingSourceObject: {fileID: 0}
  m_PrefabInstance: {fileID: 0}
  m_PrefabAsset: {fileID: 0}
  m_GameObject: {fileID: 427490130788658901}
  m_LocalRotation: {x: 0, y: 0, z: 0, w: 1}
  m_LocalPosition: {x: 0, y: 0, z: 0}
  m_LocalScale: {x: 1, y: 1, z: 1}
  m_Children:
  - {fileID: 396545738894003030}
  - {fileID: 2126745237924983094}
  - {fileID: 4175632303876689373}
  - {fileID: 6790979233334031728}
  - {fileID: 1244598747307524077}
  - {fileID: 1244598746450267417}
  - {fileID: 1244598746703255942}
  - {fileID: 1244598746557212007}
  - {fileID: 1244598746569520982}
  - {fileID: 1244598746667402936}
  - {fileID: 1244598745599834741}
  - {fileID: 1244598745980032895}
  m_Father: {fileID: 7023024758563397093}
  m_RootOrder: 2
  m_LocalEulerAnglesHint: {x: 0, y: 0, z: 0}
--- !u!114 &892083628
MonoBehaviour:
  m_ObjectHideFlags: 0
  m_CorrespondingSourceObject: {fileID: 0}
  m_PrefabInstance: {fileID: 0}
  m_PrefabAsset: {fileID: 0}
  m_GameObject: {fileID: 1244598745599834737}
  m_Enabled: 1
  m_EditorHideFlags: 0
  m_Script: {fileID: 11500000, guid: 53eb91dd296937740b753375c6a6aacd, type: 3}
  m_Name: 
  m_EditorClassIdentifier: 
  value: 2
--- !u!114 &746238114
MonoBehaviour:
  m_ObjectHideFlags: 0
  m_CorrespondingSourceObject: {fileID: 0}
  m_PrefabInstance: {fileID: 0}
  m_PrefabAsset: {fileID: 0}
  m_GameObject: {fileID: 1244598745980032891}
  m_Enabled: 1
  m_EditorHideFlags: 0
  m_Script: {fileID: 11500000, guid: 53eb91dd296937740b753375c6a6aacd, type: 3}
  m_Name: 
  m_EditorClassIdentifier: 
  value: 2
--- !u!114 &1701170419
MonoBehaviour:
  m_ObjectHideFlags: 0
  m_CorrespondingSourceObject: {fileID: 0}
  m_PrefabInstance: {fileID: 0}
  m_PrefabAsset: {fileID: 0}
  m_GameObject: {fileID: 1244598746450267421}
  m_Enabled: 1
  m_EditorHideFlags: 0
  m_Script: {fileID: 11500000, guid: 53eb91dd296937740b753375c6a6aacd, type: 3}
  m_Name: 
  m_EditorClassIdentifier: 
  value: 2
--- !u!114 &520430737
MonoBehaviour:
  m_ObjectHideFlags: 0
  m_CorrespondingSourceObject: {fileID: 0}
  m_PrefabInstance: {fileID: 0}
  m_PrefabAsset: {fileID: 0}
  m_GameObject: {fileID: 1244598746557212003}
  m_Enabled: 1
  m_EditorHideFlags: 0
  m_Script: {fileID: 11500000, guid: 53eb91dd296937740b753375c6a6aacd, type: 3}
  m_Name: 
  m_EditorClassIdentifier: 
  value: 2
--- !u!114 &1935659147
MonoBehaviour:
  m_ObjectHideFlags: 0
  m_CorrespondingSourceObject: {fileID: 0}
  m_PrefabInstance: {fileID: 0}
  m_PrefabAsset: {fileID: 0}
  m_GameObject: {fileID: 1244598746569520978}
  m_Enabled: 1
  m_EditorHideFlags: 0
  m_Script: {fileID: 11500000, guid: 53eb91dd296937740b753375c6a6aacd, type: 3}
  m_Name: 
  m_EditorClassIdentifier: 
  value: 2
--- !u!114 &1970413929
MonoBehaviour:
  m_ObjectHideFlags: 0
  m_CorrespondingSourceObject: {fileID: 0}
  m_PrefabInstance: {fileID: 0}
  m_PrefabAsset: {fileID: 0}
  m_GameObject: {fileID: 1244598746667402940}
  m_Enabled: 1
  m_EditorHideFlags: 0
  m_Script: {fileID: 11500000, guid: 53eb91dd296937740b753375c6a6aacd, type: 3}
  m_Name: 
  m_EditorClassIdentifier: 
  value: 2
--- !u!114 &374446192
MonoBehaviour:
  m_ObjectHideFlags: 0
  m_CorrespondingSourceObject: {fileID: 0}
  m_PrefabInstance: {fileID: 0}
  m_PrefabAsset: {fileID: 0}
  m_GameObject: {fileID: 1244598746703255938}
  m_Enabled: 1
  m_EditorHideFlags: 0
  m_Script: {fileID: 11500000, guid: 53eb91dd296937740b753375c6a6aacd, type: 3}
  m_Name: 
  m_EditorClassIdentifier: 
  value: 2
--- !u!114 &844922375
MonoBehaviour:
  m_ObjectHideFlags: 0
  m_CorrespondingSourceObject: {fileID: 0}
  m_PrefabInstance: {fileID: 0}
  m_PrefabAsset: {fileID: 0}
  m_GameObject: {fileID: 1244598747307524073}
  m_Enabled: 1
  m_EditorHideFlags: 0
  m_Script: {fileID: 11500000, guid: 53eb91dd296937740b753375c6a6aacd, type: 3}
  m_Name: 
  m_EditorClassIdentifier: 
  value: 2
--- !u!114 &5640211474900517258
MonoBehaviour:
  m_ObjectHideFlags: 0
  m_CorrespondingSourceObject: {fileID: 0}
  m_PrefabInstance: {fileID: 0}
  m_PrefabAsset: {fileID: 0}
  m_GameObject: {fileID: 2126745237924983090}
  m_Enabled: 1
  m_EditorHideFlags: 0
  m_Script: {fileID: 11500000, guid: 53eb91dd296937740b753375c6a6aacd, type: 3}
  m_Name: 
  m_EditorClassIdentifier: 
  value: 2
--- !u!114 &6114519125741161748
MonoBehaviour:
  m_ObjectHideFlags: 0
  m_CorrespondingSourceObject: {fileID: 0}
  m_PrefabInstance: {fileID: 0}
  m_PrefabAsset: {fileID: 0}
  m_GameObject: {fileID: 4175632303876689369}
  m_Enabled: 1
  m_EditorHideFlags: 0
  m_Script: {fileID: 11500000, guid: 53eb91dd296937740b753375c6a6aacd, type: 3}
  m_Name: 
  m_EditorClassIdentifier: 
  value: 2
--- !u!114 &5830405641991164876
MonoBehaviour:
  m_ObjectHideFlags: 0
  m_CorrespondingSourceObject: {fileID: 0}
  m_PrefabInstance: {fileID: 0}
  m_PrefabAsset: {fileID: 0}
  m_GameObject: {fileID: 6790979233334031732}
  m_Enabled: 1
  m_EditorHideFlags: 0
  m_Script: {fileID: 11500000, guid: 53eb91dd296937740b753375c6a6aacd, type: 3}
  m_Name: 
  m_EditorClassIdentifier: 
  value: 2
--- !u!1001 &231347319
PrefabInstance:
  m_ObjectHideFlags: 0
  serializedVersion: 2
  m_Modification:
    m_TransformParent: {fileID: 2113563917968290340}
    m_Modifications:
    - target: {fileID: 1244598745536752914, guid: d344271d313980b41843a75885202bd2, type: 3}
      propertyPath: m_Text
      value: 2
      objectReference: {fileID: 0}
    - target: {fileID: 1244598745653702146, guid: d344271d313980b41843a75885202bd2, type: 3}
      propertyPath: m_RootOrder
      value: 10
      objectReference: {fileID: 0}
    - target: {fileID: 1244598745653702146, guid: d344271d313980b41843a75885202bd2, type: 3}
      propertyPath: m_LocalPosition.x
      value: -0.03
      objectReference: {fileID: 0}
    - target: {fileID: 1244598745653702146, guid: d344271d313980b41843a75885202bd2, type: 3}
      propertyPath: m_LocalPosition.y
      value: 14.5
      objectReference: {fileID: 0}
    - target: {fileID: 1244598745653702146, guid: d344271d313980b41843a75885202bd2, type: 3}
      propertyPath: m_LocalPosition.z
      value: 7.52
      objectReference: {fileID: 0}
    - target: {fileID: 1244598745653702146, guid: d344271d313980b41843a75885202bd2, type: 3}
      propertyPath: m_LocalRotation.w
      value: 1
      objectReference: {fileID: 0}
    - target: {fileID: 1244598745653702146, guid: d344271d313980b41843a75885202bd2, type: 3}
      propertyPath: m_LocalRotation.x
      value: 0
      objectReference: {fileID: 0}
    - target: {fileID: 1244598745653702146, guid: d344271d313980b41843a75885202bd2, type: 3}
      propertyPath: m_LocalRotation.y
      value: 0
      objectReference: {fileID: 0}
    - target: {fileID: 1244598745653702146, guid: d344271d313980b41843a75885202bd2, type: 3}
      propertyPath: m_LocalRotation.z
      value: 0
      objectReference: {fileID: 0}
    - target: {fileID: 1244598745653702146, guid: d344271d313980b41843a75885202bd2, type: 3}
      propertyPath: m_LocalEulerAnglesHint.x
      value: 0
      objectReference: {fileID: 0}
    - target: {fileID: 1244598745653702146, guid: d344271d313980b41843a75885202bd2, type: 3}
      propertyPath: m_LocalEulerAnglesHint.y
      value: 0
      objectReference: {fileID: 0}
    - target: {fileID: 1244598745653702146, guid: d344271d313980b41843a75885202bd2, type: 3}
      propertyPath: m_LocalEulerAnglesHint.z
      value: 0
      objectReference: {fileID: 0}
    - target: {fileID: 1244598745653702148, guid: d344271d313980b41843a75885202bd2, type: 3}
      propertyPath: m_Materials.Array.data[0]
      value: 
      objectReference: {fileID: 2100000, guid: a9d8bd6427aef104abb53577491d6c71, type: 2}
    - target: {fileID: 1244598745653702150, guid: d344271d313980b41843a75885202bd2, type: 3}
      propertyPath: m_Name
      value: BaseCube (10)
      objectReference: {fileID: 0}
    - target: {fileID: 1244598746188261878, guid: d344271d313980b41843a75885202bd2, type: 3}
      propertyPath: m_Text
      value: 2
      objectReference: {fileID: 0}
    - target: {fileID: 1244598746319467436, guid: d344271d313980b41843a75885202bd2, type: 3}
      propertyPath: m_Text
      value: 2
      objectReference: {fileID: 0}
    - target: {fileID: 1244598746411284381, guid: d344271d313980b41843a75885202bd2, type: 3}
      propertyPath: m_Text
      value: 2
      objectReference: {fileID: 0}
    - target: {fileID: 1244598746741649336, guid: d344271d313980b41843a75885202bd2, type: 3}
      propertyPath: m_Text
      value: 2
      objectReference: {fileID: 0}
    - target: {fileID: 1244598747473107045, guid: d344271d313980b41843a75885202bd2, type: 3}
      propertyPath: m_Text
      value: 2
      objectReference: {fileID: 0}
    m_RemovedComponents: []
  m_SourcePrefab: {fileID: 100100000, guid: d344271d313980b41843a75885202bd2, type: 3}
--- !u!4 &1244598745599834741 stripped
Transform:
  m_CorrespondingSourceObject: {fileID: 1244598745653702146, guid: d344271d313980b41843a75885202bd2, type: 3}
  m_PrefabInstance: {fileID: 231347319}
  m_PrefabAsset: {fileID: 0}
--- !u!1 &1244598745599834737 stripped
GameObject:
  m_CorrespondingSourceObject: {fileID: 1244598745653702150, guid: d344271d313980b41843a75885202bd2, type: 3}
  m_PrefabInstance: {fileID: 231347319}
  m_PrefabAsset: {fileID: 0}
--- !u!1001 &345815421
PrefabInstance:
  m_ObjectHideFlags: 0
  serializedVersion: 2
  m_Modification:
    m_TransformParent: {fileID: 2113563917968290340}
    m_Modifications:
    - target: {fileID: 1244598745536752914, guid: d344271d313980b41843a75885202bd2, type: 3}
      propertyPath: m_Text
      value: 2
      objectReference: {fileID: 0}
    - target: {fileID: 1244598745653702146, guid: d344271d313980b41843a75885202bd2, type: 3}
      propertyPath: m_RootOrder
      value: 11
      objectReference: {fileID: 0}
    - target: {fileID: 1244598745653702146, guid: d344271d313980b41843a75885202bd2, type: 3}
      propertyPath: m_LocalPosition.x
      value: 0.56
      objectReference: {fileID: 0}
    - target: {fileID: 1244598745653702146, guid: d344271d313980b41843a75885202bd2, type: 3}
      propertyPath: m_LocalPosition.y
      value: 22.5
      objectReference: {fileID: 0}
    - target: {fileID: 1244598745653702146, guid: d344271d313980b41843a75885202bd2, type: 3}
      propertyPath: m_LocalPosition.z
      value: 8.58
      objectReference: {fileID: 0}
    - target: {fileID: 1244598745653702146, guid: d344271d313980b41843a75885202bd2, type: 3}
      propertyPath: m_LocalRotation.w
      value: 1
      objectReference: {fileID: 0}
    - target: {fileID: 1244598745653702146, guid: d344271d313980b41843a75885202bd2, type: 3}
      propertyPath: m_LocalRotation.x
      value: 0
      objectReference: {fileID: 0}
    - target: {fileID: 1244598745653702146, guid: d344271d313980b41843a75885202bd2, type: 3}
      propertyPath: m_LocalRotation.y
      value: 0
      objectReference: {fileID: 0}
    - target: {fileID: 1244598745653702146, guid: d344271d313980b41843a75885202bd2, type: 3}
      propertyPath: m_LocalRotation.z
      value: 0
      objectReference: {fileID: 0}
    - target: {fileID: 1244598745653702146, guid: d344271d313980b41843a75885202bd2, type: 3}
      propertyPath: m_LocalEulerAnglesHint.x
      value: 0
      objectReference: {fileID: 0}
    - target: {fileID: 1244598745653702146, guid: d344271d313980b41843a75885202bd2, type: 3}
      propertyPath: m_LocalEulerAnglesHint.y
      value: 0
      objectReference: {fileID: 0}
    - target: {fileID: 1244598745653702146, guid: d344271d313980b41843a75885202bd2, type: 3}
      propertyPath: m_LocalEulerAnglesHint.z
      value: 0
      objectReference: {fileID: 0}
    - target: {fileID: 1244598745653702148, guid: d344271d313980b41843a75885202bd2, type: 3}
      propertyPath: m_Materials.Array.data[0]
      value: 
      objectReference: {fileID: 2100000, guid: a9d8bd6427aef104abb53577491d6c71, type: 2}
    - target: {fileID: 1244598745653702150, guid: d344271d313980b41843a75885202bd2, type: 3}
      propertyPath: m_Name
      value: BaseCube (11)
      objectReference: {fileID: 0}
    - target: {fileID: 1244598746188261878, guid: d344271d313980b41843a75885202bd2, type: 3}
      propertyPath: m_Text
      value: 2
      objectReference: {fileID: 0}
    - target: {fileID: 1244598746319467436, guid: d344271d313980b41843a75885202bd2, type: 3}
      propertyPath: m_Text
      value: 2
      objectReference: {fileID: 0}
    - target: {fileID: 1244598746411284381, guid: d344271d313980b41843a75885202bd2, type: 3}
      propertyPath: m_Text
      value: 2
      objectReference: {fileID: 0}
    - target: {fileID: 1244598746741649336, guid: d344271d313980b41843a75885202bd2, type: 3}
      propertyPath: m_Text
      value: 2
      objectReference: {fileID: 0}
    - target: {fileID: 1244598747473107045, guid: d344271d313980b41843a75885202bd2, type: 3}
      propertyPath: m_Text
      value: 2
      objectReference: {fileID: 0}
    m_RemovedComponents: []
  m_SourcePrefab: {fileID: 100100000, guid: d344271d313980b41843a75885202bd2, type: 3}
--- !u!4 &1244598745980032895 stripped
Transform:
  m_CorrespondingSourceObject: {fileID: 1244598745653702146, guid: d344271d313980b41843a75885202bd2, type: 3}
  m_PrefabInstance: {fileID: 345815421}
  m_PrefabAsset: {fileID: 0}
--- !u!1 &1244598745980032891 stripped
GameObject:
  m_CorrespondingSourceObject: {fileID: 1244598745653702150, guid: d344271d313980b41843a75885202bd2, type: 3}
  m_PrefabInstance: {fileID: 345815421}
  m_PrefabAsset: {fileID: 0}
--- !u!1001 &814048027
PrefabInstance:
  m_ObjectHideFlags: 0
  serializedVersion: 2
  m_Modification:
    m_TransformParent: {fileID: 2113563917968290340}
    m_Modifications:
    - target: {fileID: 1244598745536752914, guid: d344271d313980b41843a75885202bd2, type: 3}
      propertyPath: m_Text
      value: 2
      objectReference: {fileID: 0}
    - target: {fileID: 1244598745653702146, guid: d344271d313980b41843a75885202bd2, type: 3}
      propertyPath: m_RootOrder
      value: 5
      objectReference: {fileID: 0}
    - target: {fileID: 1244598745653702146, guid: d344271d313980b41843a75885202bd2, type: 3}
      propertyPath: m_LocalPosition.x
      value: 1.06
      objectReference: {fileID: 0}
    - target: {fileID: 1244598745653702146, guid: d344271d313980b41843a75885202bd2, type: 3}
      propertyPath: m_LocalPosition.y
      value: 30.5
      objectReference: {fileID: 0}
    - target: {fileID: 1244598745653702146, guid: d344271d313980b41843a75885202bd2, type: 3}
      propertyPath: m_LocalPosition.z
      value: 9.65
      objectReference: {fileID: 0}
    - target: {fileID: 1244598745653702146, guid: d344271d313980b41843a75885202bd2, type: 3}
      propertyPath: m_LocalRotation.w
      value: 1
      objectReference: {fileID: 0}
    - target: {fileID: 1244598745653702146, guid: d344271d313980b41843a75885202bd2, type: 3}
      propertyPath: m_LocalRotation.x
      value: 0
      objectReference: {fileID: 0}
    - target: {fileID: 1244598745653702146, guid: d344271d313980b41843a75885202bd2, type: 3}
      propertyPath: m_LocalRotation.y
      value: 0
      objectReference: {fileID: 0}
    - target: {fileID: 1244598745653702146, guid: d344271d313980b41843a75885202bd2, type: 3}
      propertyPath: m_LocalRotation.z
      value: 0
      objectReference: {fileID: 0}
    - target: {fileID: 1244598745653702146, guid: d344271d313980b41843a75885202bd2, type: 3}
      propertyPath: m_LocalEulerAnglesHint.x
      value: 0
      objectReference: {fileID: 0}
    - target: {fileID: 1244598745653702146, guid: d344271d313980b41843a75885202bd2, type: 3}
      propertyPath: m_LocalEulerAnglesHint.y
      value: 0
      objectReference: {fileID: 0}
    - target: {fileID: 1244598745653702146, guid: d344271d313980b41843a75885202bd2, type: 3}
      propertyPath: m_LocalEulerAnglesHint.z
      value: 0
      objectReference: {fileID: 0}
    - target: {fileID: 1244598745653702148, guid: d344271d313980b41843a75885202bd2, type: 3}
      propertyPath: m_Materials.Array.data[0]
      value: 
      objectReference: {fileID: 2100000, guid: a9d8bd6427aef104abb53577491d6c71, type: 2}
    - target: {fileID: 1244598745653702150, guid: d344271d313980b41843a75885202bd2, type: 3}
      propertyPath: m_Name
      value: BaseCube (5)
      objectReference: {fileID: 0}
    - target: {fileID: 1244598746188261878, guid: d344271d313980b41843a75885202bd2, type: 3}
      propertyPath: m_Text
      value: 2
      objectReference: {fileID: 0}
    - target: {fileID: 1244598746319467436, guid: d344271d313980b41843a75885202bd2, type: 3}
      propertyPath: m_Text
      value: 2
      objectReference: {fileID: 0}
    - target: {fileID: 1244598746411284381, guid: d344271d313980b41843a75885202bd2, type: 3}
      propertyPath: m_Text
      value: 2
      objectReference: {fileID: 0}
    - target: {fileID: 1244598746741649336, guid: d344271d313980b41843a75885202bd2, type: 3}
      propertyPath: m_Text
      value: 2
      objectReference: {fileID: 0}
    - target: {fileID: 1244598747473107045, guid: d344271d313980b41843a75885202bd2, type: 3}
      propertyPath: m_Text
      value: 2
      objectReference: {fileID: 0}
    m_RemovedComponents: []
  m_SourcePrefab: {fileID: 100100000, guid: d344271d313980b41843a75885202bd2, type: 3}
--- !u!4 &1244598746450267417 stripped
Transform:
  m_CorrespondingSourceObject: {fileID: 1244598745653702146, guid: d344271d313980b41843a75885202bd2, type: 3}
  m_PrefabInstance: {fileID: 814048027}
  m_PrefabAsset: {fileID: 0}
--- !u!1 &1244598746450267421 stripped
GameObject:
  m_CorrespondingSourceObject: {fileID: 1244598745653702150, guid: d344271d313980b41843a75885202bd2, type: 3}
  m_PrefabInstance: {fileID: 814048027}
  m_PrefabAsset: {fileID: 0}
--- !u!1001 &1135687556
PrefabInstance:
  m_ObjectHideFlags: 0
  serializedVersion: 2
  m_Modification:
    m_TransformParent: {fileID: 2113563917968290340}
    m_Modifications:
    - target: {fileID: 1244598745536752914, guid: d344271d313980b41843a75885202bd2, type: 3}
      propertyPath: m_Text
      value: 2
      objectReference: {fileID: 0}
    - target: {fileID: 1244598745653702146, guid: d344271d313980b41843a75885202bd2, type: 3}
      propertyPath: m_RootOrder
      value: 6
      objectReference: {fileID: 0}
    - target: {fileID: 1244598745653702146, guid: d344271d313980b41843a75885202bd2, type: 3}
      propertyPath: m_LocalPosition.x
      value: -1.52
      objectReference: {fileID: 0}
    - target: {fileID: 1244598745653702146, guid: d344271d313980b41843a75885202bd2, type: 3}
      propertyPath: m_LocalPosition.y
      value: 24.5
      objectReference: {fileID: 0}
    - target: {fileID: 1244598745653702146, guid: d344271d313980b41843a75885202bd2, type: 3}
      propertyPath: m_LocalPosition.z
      value: 8.58
      objectReference: {fileID: 0}
    - target: {fileID: 1244598745653702146, guid: d344271d313980b41843a75885202bd2, type: 3}
      propertyPath: m_LocalRotation.w
      value: 1
      objectReference: {fileID: 0}
    - target: {fileID: 1244598745653702146, guid: d344271d313980b41843a75885202bd2, type: 3}
      propertyPath: m_LocalRotation.x
      value: 0
      objectReference: {fileID: 0}
    - target: {fileID: 1244598745653702146, guid: d344271d313980b41843a75885202bd2, type: 3}
      propertyPath: m_LocalRotation.y
      value: 0
      objectReference: {fileID: 0}
    - target: {fileID: 1244598745653702146, guid: d344271d313980b41843a75885202bd2, type: 3}
      propertyPath: m_LocalRotation.z
      value: 0
      objectReference: {fileID: 0}
    - target: {fileID: 1244598745653702146, guid: d344271d313980b41843a75885202bd2, type: 3}
      propertyPath: m_LocalEulerAnglesHint.x
      value: 0
      objectReference: {fileID: 0}
    - target: {fileID: 1244598745653702146, guid: d344271d313980b41843a75885202bd2, type: 3}
      propertyPath: m_LocalEulerAnglesHint.y
      value: 0
      objectReference: {fileID: 0}
    - target: {fileID: 1244598745653702146, guid: d344271d313980b41843a75885202bd2, type: 3}
      propertyPath: m_LocalEulerAnglesHint.z
      value: 0
      objectReference: {fileID: 0}
    - target: {fileID: 1244598745653702148, guid: d344271d313980b41843a75885202bd2, type: 3}
      propertyPath: m_Materials.Array.data[0]
      value: 
      objectReference: {fileID: 2100000, guid: a9d8bd6427aef104abb53577491d6c71, type: 2}
    - target: {fileID: 1244598745653702150, guid: d344271d313980b41843a75885202bd2, type: 3}
      propertyPath: m_Name
      value: BaseCube (6)
      objectReference: {fileID: 0}
    - target: {fileID: 1244598746188261878, guid: d344271d313980b41843a75885202bd2, type: 3}
      propertyPath: m_Text
      value: 2
      objectReference: {fileID: 0}
    - target: {fileID: 1244598746319467436, guid: d344271d313980b41843a75885202bd2, type: 3}
      propertyPath: m_Text
      value: 2
      objectReference: {fileID: 0}
    - target: {fileID: 1244598746411284381, guid: d344271d313980b41843a75885202bd2, type: 3}
      propertyPath: m_Text
      value: 2
      objectReference: {fileID: 0}
    - target: {fileID: 1244598746741649336, guid: d344271d313980b41843a75885202bd2, type: 3}
      propertyPath: m_Text
      value: 2
      objectReference: {fileID: 0}
    - target: {fileID: 1244598747473107045, guid: d344271d313980b41843a75885202bd2, type: 3}
      propertyPath: m_Text
      value: 2
      objectReference: {fileID: 0}
    m_RemovedComponents: []
  m_SourcePrefab: {fileID: 100100000, guid: d344271d313980b41843a75885202bd2, type: 3}
--- !u!4 &1244598746703255942 stripped
Transform:
  m_CorrespondingSourceObject: {fileID: 1244598745653702146, guid: d344271d313980b41843a75885202bd2, type: 3}
  m_PrefabInstance: {fileID: 1135687556}
  m_PrefabAsset: {fileID: 0}
--- !u!1 &1244598746703255938 stripped
GameObject:
  m_CorrespondingSourceObject: {fileID: 1244598745653702150, guid: d344271d313980b41843a75885202bd2, type: 3}
  m_PrefabInstance: {fileID: 1135687556}
  m_PrefabAsset: {fileID: 0}
--- !u!1001 &1256557413
PrefabInstance:
  m_ObjectHideFlags: 0
  serializedVersion: 2
  m_Modification:
    m_TransformParent: {fileID: 2113563917968290340}
    m_Modifications:
    - target: {fileID: 1244598745536752914, guid: d344271d313980b41843a75885202bd2, type: 3}
      propertyPath: m_Text
      value: 2
      objectReference: {fileID: 0}
    - target: {fileID: 1244598745653702146, guid: d344271d313980b41843a75885202bd2, type: 3}
      propertyPath: m_RootOrder
      value: 7
      objectReference: {fileID: 0}
    - target: {fileID: 1244598745653702146, guid: d344271d313980b41843a75885202bd2, type: 3}
      propertyPath: m_LocalPosition.x
      value: -0.47
      objectReference: {fileID: 0}
    - target: {fileID: 1244598745653702146, guid: d344271d313980b41843a75885202bd2, type: 3}
      propertyPath: m_LocalPosition.y
      value: 20.5
      objectReference: {fileID: 0}
    - target: {fileID: 1244598745653702146, guid: d344271d313980b41843a75885202bd2, type: 3}
      propertyPath: m_LocalPosition.z
      value: 8.58
      objectReference: {fileID: 0}
    - target: {fileID: 1244598745653702146, guid: d344271d313980b41843a75885202bd2, type: 3}
      propertyPath: m_LocalRotation.w
      value: 1
      objectReference: {fileID: 0}
    - target: {fileID: 1244598745653702146, guid: d344271d313980b41843a75885202bd2, type: 3}
      propertyPath: m_LocalRotation.x
      value: 0
      objectReference: {fileID: 0}
    - target: {fileID: 1244598745653702146, guid: d344271d313980b41843a75885202bd2, type: 3}
      propertyPath: m_LocalRotation.y
      value: 0
      objectReference: {fileID: 0}
    - target: {fileID: 1244598745653702146, guid: d344271d313980b41843a75885202bd2, type: 3}
      propertyPath: m_LocalRotation.z
      value: 0
      objectReference: {fileID: 0}
    - target: {fileID: 1244598745653702146, guid: d344271d313980b41843a75885202bd2, type: 3}
      propertyPath: m_LocalEulerAnglesHint.x
      value: 0
      objectReference: {fileID: 0}
    - target: {fileID: 1244598745653702146, guid: d344271d313980b41843a75885202bd2, type: 3}
      propertyPath: m_LocalEulerAnglesHint.y
      value: 0
      objectReference: {fileID: 0}
    - target: {fileID: 1244598745653702146, guid: d344271d313980b41843a75885202bd2, type: 3}
      propertyPath: m_LocalEulerAnglesHint.z
      value: 0
      objectReference: {fileID: 0}
    - target: {fileID: 1244598745653702148, guid: d344271d313980b41843a75885202bd2, type: 3}
      propertyPath: m_Materials.Array.data[0]
      value: 
      objectReference: {fileID: 2100000, guid: a9d8bd6427aef104abb53577491d6c71, type: 2}
    - target: {fileID: 1244598745653702150, guid: d344271d313980b41843a75885202bd2, type: 3}
      propertyPath: m_Name
      value: BaseCube (7)
      objectReference: {fileID: 0}
    - target: {fileID: 1244598746188261878, guid: d344271d313980b41843a75885202bd2, type: 3}
      propertyPath: m_Text
      value: 2
      objectReference: {fileID: 0}
    - target: {fileID: 1244598746319467436, guid: d344271d313980b41843a75885202bd2, type: 3}
      propertyPath: m_Text
      value: 2
      objectReference: {fileID: 0}
    - target: {fileID: 1244598746411284381, guid: d344271d313980b41843a75885202bd2, type: 3}
      propertyPath: m_Text
      value: 2
      objectReference: {fileID: 0}
    - target: {fileID: 1244598746741649336, guid: d344271d313980b41843a75885202bd2, type: 3}
      propertyPath: m_Text
      value: 2
      objectReference: {fileID: 0}
    - target: {fileID: 1244598747473107045, guid: d344271d313980b41843a75885202bd2, type: 3}
      propertyPath: m_Text
      value: 2
      objectReference: {fileID: 0}
    m_RemovedComponents: []
  m_SourcePrefab: {fileID: 100100000, guid: d344271d313980b41843a75885202bd2, type: 3}
--- !u!4 &1244598746557212007 stripped
Transform:
  m_CorrespondingSourceObject: {fileID: 1244598745653702146, guid: d344271d313980b41843a75885202bd2, type: 3}
  m_PrefabInstance: {fileID: 1256557413}
  m_PrefabAsset: {fileID: 0}
--- !u!1 &1244598746557212003 stripped
GameObject:
  m_CorrespondingSourceObject: {fileID: 1244598745653702150, guid: d344271d313980b41843a75885202bd2, type: 3}
  m_PrefabInstance: {fileID: 1256557413}
  m_PrefabAsset: {fileID: 0}
--- !u!1001 &1270470996
PrefabInstance:
  m_ObjectHideFlags: 0
  serializedVersion: 2
  m_Modification:
    m_TransformParent: {fileID: 2113563917968290340}
    m_Modifications:
    - target: {fileID: 1244598745536752914, guid: d344271d313980b41843a75885202bd2, type: 3}
      propertyPath: m_Text
      value: 2
      objectReference: {fileID: 0}
    - target: {fileID: 1244598745653702146, guid: d344271d313980b41843a75885202bd2, type: 3}
      propertyPath: m_RootOrder
      value: 8
      objectReference: {fileID: 0}
    - target: {fileID: 1244598745653702146, guid: d344271d313980b41843a75885202bd2, type: 3}
      propertyPath: m_LocalPosition.x
      value: -1.03
      objectReference: {fileID: 0}
    - target: {fileID: 1244598745653702146, guid: d344271d313980b41843a75885202bd2, type: 3}
      propertyPath: m_LocalPosition.y
      value: 28.5
      objectReference: {fileID: 0}
    - target: {fileID: 1244598745653702146, guid: d344271d313980b41843a75885202bd2, type: 3}
      propertyPath: m_LocalPosition.z
      value: 9.65
      objectReference: {fileID: 0}
    - target: {fileID: 1244598745653702146, guid: d344271d313980b41843a75885202bd2, type: 3}
      propertyPath: m_LocalRotation.w
      value: 1
      objectReference: {fileID: 0}
    - target: {fileID: 1244598745653702146, guid: d344271d313980b41843a75885202bd2, type: 3}
      propertyPath: m_LocalRotation.x
      value: 0
      objectReference: {fileID: 0}
    - target: {fileID: 1244598745653702146, guid: d344271d313980b41843a75885202bd2, type: 3}
      propertyPath: m_LocalRotation.y
      value: 0
      objectReference: {fileID: 0}
    - target: {fileID: 1244598745653702146, guid: d344271d313980b41843a75885202bd2, type: 3}
      propertyPath: m_LocalRotation.z
      value: 0
      objectReference: {fileID: 0}
    - target: {fileID: 1244598745653702146, guid: d344271d313980b41843a75885202bd2, type: 3}
      propertyPath: m_LocalEulerAnglesHint.x
      value: 0
      objectReference: {fileID: 0}
    - target: {fileID: 1244598745653702146, guid: d344271d313980b41843a75885202bd2, type: 3}
      propertyPath: m_LocalEulerAnglesHint.y
      value: 0
      objectReference: {fileID: 0}
    - target: {fileID: 1244598745653702146, guid: d344271d313980b41843a75885202bd2, type: 3}
      propertyPath: m_LocalEulerAnglesHint.z
      value: 0
      objectReference: {fileID: 0}
    - target: {fileID: 1244598745653702148, guid: d344271d313980b41843a75885202bd2, type: 3}
      propertyPath: m_Materials.Array.data[0]
      value: 
      objectReference: {fileID: 2100000, guid: a9d8bd6427aef104abb53577491d6c71, type: 2}
    - target: {fileID: 1244598745653702150, guid: d344271d313980b41843a75885202bd2, type: 3}
      propertyPath: m_Name
      value: BaseCube (8)
      objectReference: {fileID: 0}
    - target: {fileID: 1244598746188261878, guid: d344271d313980b41843a75885202bd2, type: 3}
      propertyPath: m_Text
      value: 2
      objectReference: {fileID: 0}
    - target: {fileID: 1244598746319467436, guid: d344271d313980b41843a75885202bd2, type: 3}
      propertyPath: m_Text
      value: 2
      objectReference: {fileID: 0}
    - target: {fileID: 1244598746411284381, guid: d344271d313980b41843a75885202bd2, type: 3}
      propertyPath: m_Text
      value: 2
      objectReference: {fileID: 0}
    - target: {fileID: 1244598746741649336, guid: d344271d313980b41843a75885202bd2, type: 3}
      propertyPath: m_Text
      value: 2
      objectReference: {fileID: 0}
    - target: {fileID: 1244598747473107045, guid: d344271d313980b41843a75885202bd2, type: 3}
      propertyPath: m_Text
      value: 2
      objectReference: {fileID: 0}
    m_RemovedComponents: []
  m_SourcePrefab: {fileID: 100100000, guid: d344271d313980b41843a75885202bd2, type: 3}
--- !u!1 &1244598746569520978 stripped
GameObject:
  m_CorrespondingSourceObject: {fileID: 1244598745653702150, guid: d344271d313980b41843a75885202bd2, type: 3}
  m_PrefabInstance: {fileID: 1270470996}
  m_PrefabAsset: {fileID: 0}
--- !u!4 &1244598746569520982 stripped
Transform:
  m_CorrespondingSourceObject: {fileID: 1244598745653702146, guid: d344271d313980b41843a75885202bd2, type: 3}
  m_PrefabInstance: {fileID: 1270470996}
  m_PrefabAsset: {fileID: 0}
--- !u!1001 &1301555386
PrefabInstance:
  m_ObjectHideFlags: 0
  serializedVersion: 2
  m_Modification:
    m_TransformParent: {fileID: 2113563917968290340}
    m_Modifications:
    - target: {fileID: 1244598745536752914, guid: d344271d313980b41843a75885202bd2, type: 3}
      propertyPath: m_Text
      value: 2
      objectReference: {fileID: 0}
    - target: {fileID: 1244598745653702146, guid: d344271d313980b41843a75885202bd2, type: 3}
      propertyPath: m_RootOrder
      value: 9
      objectReference: {fileID: 0}
    - target: {fileID: 1244598745653702146, guid: d344271d313980b41843a75885202bd2, type: 3}
      propertyPath: m_LocalPosition.x
      value: 1
      objectReference: {fileID: 0}
    - target: {fileID: 1244598745653702146, guid: d344271d313980b41843a75885202bd2, type: 3}
      propertyPath: m_LocalPosition.y
      value: 18.5
      objectReference: {fileID: 0}
    - target: {fileID: 1244598745653702146, guid: d344271d313980b41843a75885202bd2, type: 3}
      propertyPath: m_LocalPosition.z
      value: 7.52
      objectReference: {fileID: 0}
    - target: {fileID: 1244598745653702146, guid: d344271d313980b41843a75885202bd2, type: 3}
      propertyPath: m_LocalRotation.w
      value: 1
      objectReference: {fileID: 0}
    - target: {fileID: 1244598745653702146, guid: d344271d313980b41843a75885202bd2, type: 3}
      propertyPath: m_LocalRotation.x
      value: 0
      objectReference: {fileID: 0}
    - target: {fileID: 1244598745653702146, guid: d344271d313980b41843a75885202bd2, type: 3}
      propertyPath: m_LocalRotation.y
      value: 0
      objectReference: {fileID: 0}
    - target: {fileID: 1244598745653702146, guid: d344271d313980b41843a75885202bd2, type: 3}
      propertyPath: m_LocalRotation.z
      value: 0
      objectReference: {fileID: 0}
    - target: {fileID: 1244598745653702146, guid: d344271d313980b41843a75885202bd2, type: 3}
      propertyPath: m_LocalEulerAnglesHint.x
      value: 0
      objectReference: {fileID: 0}
    - target: {fileID: 1244598745653702146, guid: d344271d313980b41843a75885202bd2, type: 3}
      propertyPath: m_LocalEulerAnglesHint.y
      value: 0
      objectReference: {fileID: 0}
    - target: {fileID: 1244598745653702146, guid: d344271d313980b41843a75885202bd2, type: 3}
      propertyPath: m_LocalEulerAnglesHint.z
      value: 0
      objectReference: {fileID: 0}
    - target: {fileID: 1244598745653702148, guid: d344271d313980b41843a75885202bd2, type: 3}
      propertyPath: m_Materials.Array.data[0]
      value: 
      objectReference: {fileID: 2100000, guid: a9d8bd6427aef104abb53577491d6c71, type: 2}
    - target: {fileID: 1244598745653702150, guid: d344271d313980b41843a75885202bd2, type: 3}
      propertyPath: m_Name
      value: BaseCube (9)
      objectReference: {fileID: 0}
    - target: {fileID: 1244598746188261878, guid: d344271d313980b41843a75885202bd2, type: 3}
      propertyPath: m_Text
      value: 2
      objectReference: {fileID: 0}
    - target: {fileID: 1244598746319467436, guid: d344271d313980b41843a75885202bd2, type: 3}
      propertyPath: m_Text
      value: 2
      objectReference: {fileID: 0}
    - target: {fileID: 1244598746411284381, guid: d344271d313980b41843a75885202bd2, type: 3}
      propertyPath: m_Text
      value: 2
      objectReference: {fileID: 0}
    - target: {fileID: 1244598746741649336, guid: d344271d313980b41843a75885202bd2, type: 3}
      propertyPath: m_Text
      value: 2
      objectReference: {fileID: 0}
    - target: {fileID: 1244598747473107045, guid: d344271d313980b41843a75885202bd2, type: 3}
      propertyPath: m_Text
      value: 2
      objectReference: {fileID: 0}
    m_RemovedComponents: []
  m_SourcePrefab: {fileID: 100100000, guid: d344271d313980b41843a75885202bd2, type: 3}
--- !u!1 &1244598746667402940 stripped
GameObject:
  m_CorrespondingSourceObject: {fileID: 1244598745653702150, guid: d344271d313980b41843a75885202bd2, type: 3}
  m_PrefabInstance: {fileID: 1301555386}
  m_PrefabAsset: {fileID: 0}
--- !u!4 &1244598746667402936 stripped
Transform:
  m_CorrespondingSourceObject: {fileID: 1244598745653702146, guid: d344271d313980b41843a75885202bd2, type: 3}
  m_PrefabInstance: {fileID: 1301555386}
  m_PrefabAsset: {fileID: 0}
--- !u!1001 &1740427759
PrefabInstance:
  m_ObjectHideFlags: 0
  serializedVersion: 2
  m_Modification:
    m_TransformParent: {fileID: 2113563917968290340}
    m_Modifications:
    - target: {fileID: 1244598745536752914, guid: d344271d313980b41843a75885202bd2, type: 3}
      propertyPath: m_Text
      value: 2
      objectReference: {fileID: 0}
    - target: {fileID: 1244598745653702146, guid: d344271d313980b41843a75885202bd2, type: 3}
      propertyPath: m_RootOrder
      value: 4
      objectReference: {fileID: 0}
    - target: {fileID: 1244598745653702146, guid: d344271d313980b41843a75885202bd2, type: 3}
      propertyPath: m_LocalPosition.x
      value: 1.6
      objectReference: {fileID: 0}
    - target: {fileID: 1244598745653702146, guid: d344271d313980b41843a75885202bd2, type: 3}
      propertyPath: m_LocalPosition.y
      value: 26.5
      objectReference: {fileID: 0}
    - target: {fileID: 1244598745653702146, guid: d344271d313980b41843a75885202bd2, type: 3}
      propertyPath: m_LocalPosition.z
      value: 8.58
      objectReference: {fileID: 0}
    - target: {fileID: 1244598745653702146, guid: d344271d313980b41843a75885202bd2, type: 3}
      propertyPath: m_LocalRotation.w
      value: 1
      objectReference: {fileID: 0}
    - target: {fileID: 1244598745653702146, guid: d344271d313980b41843a75885202bd2, type: 3}
      propertyPath: m_LocalRotation.x
      value: 0
      objectReference: {fileID: 0}
    - target: {fileID: 1244598745653702146, guid: d344271d313980b41843a75885202bd2, type: 3}
      propertyPath: m_LocalRotation.y
      value: 0
      objectReference: {fileID: 0}
    - target: {fileID: 1244598745653702146, guid: d344271d313980b41843a75885202bd2, type: 3}
      propertyPath: m_LocalRotation.z
      value: 0
      objectReference: {fileID: 0}
    - target: {fileID: 1244598745653702146, guid: d344271d313980b41843a75885202bd2, type: 3}
      propertyPath: m_LocalEulerAnglesHint.x
      value: 0
      objectReference: {fileID: 0}
    - target: {fileID: 1244598745653702146, guid: d344271d313980b41843a75885202bd2, type: 3}
      propertyPath: m_LocalEulerAnglesHint.y
      value: 0
      objectReference: {fileID: 0}
    - target: {fileID: 1244598745653702146, guid: d344271d313980b41843a75885202bd2, type: 3}
      propertyPath: m_LocalEulerAnglesHint.z
      value: 0
      objectReference: {fileID: 0}
    - target: {fileID: 1244598745653702148, guid: d344271d313980b41843a75885202bd2, type: 3}
      propertyPath: m_Materials.Array.data[0]
      value: 
      objectReference: {fileID: 2100000, guid: a9d8bd6427aef104abb53577491d6c71, type: 2}
    - target: {fileID: 1244598745653702150, guid: d344271d313980b41843a75885202bd2, type: 3}
      propertyPath: m_Name
      value: BaseCube (4)
      objectReference: {fileID: 0}
    - target: {fileID: 1244598746188261878, guid: d344271d313980b41843a75885202bd2, type: 3}
      propertyPath: m_Text
      value: 2
      objectReference: {fileID: 0}
    - target: {fileID: 1244598746319467436, guid: d344271d313980b41843a75885202bd2, type: 3}
      propertyPath: m_Text
      value: 2
      objectReference: {fileID: 0}
    - target: {fileID: 1244598746411284381, guid: d344271d313980b41843a75885202bd2, type: 3}
      propertyPath: m_Text
      value: 2
      objectReference: {fileID: 0}
    - target: {fileID: 1244598746741649336, guid: d344271d313980b41843a75885202bd2, type: 3}
      propertyPath: m_Text
      value: 2
      objectReference: {fileID: 0}
    - target: {fileID: 1244598747473107045, guid: d344271d313980b41843a75885202bd2, type: 3}
      propertyPath: m_Text
      value: 2
      objectReference: {fileID: 0}
    m_RemovedComponents: []
  m_SourcePrefab: {fileID: 100100000, guid: d344271d313980b41843a75885202bd2, type: 3}
--- !u!4 &1244598747307524077 stripped
Transform:
  m_CorrespondingSourceObject: {fileID: 1244598745653702146, guid: d344271d313980b41843a75885202bd2, type: 3}
  m_PrefabInstance: {fileID: 1740427759}
  m_PrefabAsset: {fileID: 0}
--- !u!1 &1244598747307524073 stripped
GameObject:
  m_CorrespondingSourceObject: {fileID: 1244598745653702150, guid: d344271d313980b41843a75885202bd2, type: 3}
  m_PrefabInstance: {fileID: 1740427759}
  m_PrefabAsset: {fileID: 0}
--- !u!1001 &920428060053888820
PrefabInstance:
  m_ObjectHideFlags: 0
  serializedVersion: 2
  m_Modification:
    m_TransformParent: {fileID: 2113563917968290340}
    m_Modifications:
    - target: {fileID: 1244598745536752914, guid: d344271d313980b41843a75885202bd2, type: 3}
      propertyPath: m_Text
      value: 2
      objectReference: {fileID: 0}
    - target: {fileID: 1244598745653702146, guid: d344271d313980b41843a75885202bd2, type: 3}
      propertyPath: m_RootOrder
      value: 1
      objectReference: {fileID: 0}
    - target: {fileID: 1244598745653702146, guid: d344271d313980b41843a75885202bd2, type: 3}
      propertyPath: m_LocalPosition.x
      value: -0.55
      objectReference: {fileID: 0}
    - target: {fileID: 1244598745653702146, guid: d344271d313980b41843a75885202bd2, type: 3}
      propertyPath: m_LocalPosition.y
      value: 8.5
      objectReference: {fileID: 0}
    - target: {fileID: 1244598745653702146, guid: d344271d313980b41843a75885202bd2, type: 3}
      propertyPath: m_LocalPosition.z
      value: 6.48
      objectReference: {fileID: 0}
    - target: {fileID: 1244598745653702146, guid: d344271d313980b41843a75885202bd2, type: 3}
      propertyPath: m_LocalRotation.w
      value: 1
      objectReference: {fileID: 0}
    - target: {fileID: 1244598745653702146, guid: d344271d313980b41843a75885202bd2, type: 3}
      propertyPath: m_LocalRotation.x
      value: 0
      objectReference: {fileID: 0}
    - target: {fileID: 1244598745653702146, guid: d344271d313980b41843a75885202bd2, type: 3}
      propertyPath: m_LocalRotation.y
      value: 0
      objectReference: {fileID: 0}
    - target: {fileID: 1244598745653702146, guid: d344271d313980b41843a75885202bd2, type: 3}
      propertyPath: m_LocalRotation.z
      value: 0
      objectReference: {fileID: 0}
    - target: {fileID: 1244598745653702146, guid: d344271d313980b41843a75885202bd2, type: 3}
      propertyPath: m_LocalEulerAnglesHint.x
      value: 0
      objectReference: {fileID: 0}
    - target: {fileID: 1244598745653702146, guid: d344271d313980b41843a75885202bd2, type: 3}
      propertyPath: m_LocalEulerAnglesHint.y
      value: 0
      objectReference: {fileID: 0}
    - target: {fileID: 1244598745653702146, guid: d344271d313980b41843a75885202bd2, type: 3}
      propertyPath: m_LocalEulerAnglesHint.z
      value: 0
      objectReference: {fileID: 0}
    - target: {fileID: 1244598745653702148, guid: d344271d313980b41843a75885202bd2, type: 3}
      propertyPath: m_Materials.Array.data[0]
      value: 
      objectReference: {fileID: 2100000, guid: a9d8bd6427aef104abb53577491d6c71, type: 2}
    - target: {fileID: 1244598745653702150, guid: d344271d313980b41843a75885202bd2, type: 3}
      propertyPath: m_Name
      value: BaseCube (1)
      objectReference: {fileID: 0}
    - target: {fileID: 1244598746188261878, guid: d344271d313980b41843a75885202bd2, type: 3}
      propertyPath: m_Text
      value: 2
      objectReference: {fileID: 0}
    - target: {fileID: 1244598746319467436, guid: d344271d313980b41843a75885202bd2, type: 3}
      propertyPath: m_Text
      value: 2
      objectReference: {fileID: 0}
    - target: {fileID: 1244598746411284381, guid: d344271d313980b41843a75885202bd2, type: 3}
      propertyPath: m_Text
      value: 2
      objectReference: {fileID: 0}
    - target: {fileID: 1244598746741649336, guid: d344271d313980b41843a75885202bd2, type: 3}
      propertyPath: m_Text
      value: 2
      objectReference: {fileID: 0}
    - target: {fileID: 1244598747473107045, guid: d344271d313980b41843a75885202bd2, type: 3}
      propertyPath: m_Text
      value: 2
      objectReference: {fileID: 0}
    m_RemovedComponents: []
  m_SourcePrefab: {fileID: 100100000, guid: d344271d313980b41843a75885202bd2, type: 3}
--- !u!1 &2126745237924983090 stripped
GameObject:
  m_CorrespondingSourceObject: {fileID: 1244598745653702150, guid: d344271d313980b41843a75885202bd2, type: 3}
  m_PrefabInstance: {fileID: 920428060053888820}
  m_PrefabAsset: {fileID: 0}
--- !u!4 &2126745237924983094 stripped
Transform:
  m_CorrespondingSourceObject: {fileID: 1244598745653702146, guid: d344271d313980b41843a75885202bd2, type: 3}
  m_PrefabInstance: {fileID: 920428060053888820}
  m_PrefabAsset: {fileID: 0}
--- !u!1001 &1496712164322125140
PrefabInstance:
  m_ObjectHideFlags: 0
  serializedVersion: 2
  m_Modification:
    m_TransformParent: {fileID: 2113563917968290340}
    m_Modifications:
    - target: {fileID: 1244598745536752914, guid: d344271d313980b41843a75885202bd2, type: 3}
      propertyPath: m_Text
      value: 2
      objectReference: {fileID: 0}
    - target: {fileID: 1244598745653702146, guid: d344271d313980b41843a75885202bd2, type: 3}
      propertyPath: m_RootOrder
      value: 0
      objectReference: {fileID: 0}
    - target: {fileID: 1244598745653702146, guid: d344271d313980b41843a75885202bd2, type: 3}
      propertyPath: m_LocalPosition.x
      value: 0
      objectReference: {fileID: 0}
    - target: {fileID: 1244598745653702146, guid: d344271d313980b41843a75885202bd2, type: 3}
      propertyPath: m_LocalPosition.y
      value: 10.5
      objectReference: {fileID: 0}
    - target: {fileID: 1244598745653702146, guid: d344271d313980b41843a75885202bd2, type: 3}
      propertyPath: m_LocalPosition.z
      value: 5.41
      objectReference: {fileID: 0}
    - target: {fileID: 1244598745653702146, guid: d344271d313980b41843a75885202bd2, type: 3}
      propertyPath: m_LocalRotation.w
      value: 1
      objectReference: {fileID: 0}
    - target: {fileID: 1244598745653702146, guid: d344271d313980b41843a75885202bd2, type: 3}
      propertyPath: m_LocalRotation.x
      value: 0
      objectReference: {fileID: 0}
    - target: {fileID: 1244598745653702146, guid: d344271d313980b41843a75885202bd2, type: 3}
      propertyPath: m_LocalRotation.y
      value: 0
      objectReference: {fileID: 0}
    - target: {fileID: 1244598745653702146, guid: d344271d313980b41843a75885202bd2, type: 3}
      propertyPath: m_LocalRotation.z
      value: 0
      objectReference: {fileID: 0}
    - target: {fileID: 1244598745653702146, guid: d344271d313980b41843a75885202bd2, type: 3}
      propertyPath: m_LocalEulerAnglesHint.x
      value: 0
      objectReference: {fileID: 0}
    - target: {fileID: 1244598745653702146, guid: d344271d313980b41843a75885202bd2, type: 3}
      propertyPath: m_LocalEulerAnglesHint.y
      value: 0
      objectReference: {fileID: 0}
    - target: {fileID: 1244598745653702146, guid: d344271d313980b41843a75885202bd2, type: 3}
      propertyPath: m_LocalEulerAnglesHint.z
      value: 0
      objectReference: {fileID: 0}
    - target: {fileID: 1244598745653702148, guid: d344271d313980b41843a75885202bd2, type: 3}
      propertyPath: m_Materials.Array.data[0]
      value: 
      objectReference: {fileID: 2100000, guid: a9d8bd6427aef104abb53577491d6c71, type: 2}
    - target: {fileID: 1244598745653702150, guid: d344271d313980b41843a75885202bd2, type: 3}
      propertyPath: m_Name
      value: BaseCube
      objectReference: {fileID: 0}
    - target: {fileID: 1244598746188261878, guid: d344271d313980b41843a75885202bd2, type: 3}
      propertyPath: m_Text
      value: 2
      objectReference: {fileID: 0}
    - target: {fileID: 1244598746319467436, guid: d344271d313980b41843a75885202bd2, type: 3}
      propertyPath: m_Text
      value: 2
      objectReference: {fileID: 0}
    - target: {fileID: 1244598746411284381, guid: d344271d313980b41843a75885202bd2, type: 3}
      propertyPath: m_Text
      value: 2
      objectReference: {fileID: 0}
    - target: {fileID: 1244598746741649336, guid: d344271d313980b41843a75885202bd2, type: 3}
      propertyPath: m_Text
      value: 2
      objectReference: {fileID: 0}
    - target: {fileID: 1244598747473107045, guid: d344271d313980b41843a75885202bd2, type: 3}
      propertyPath: m_Text
      value: 2
      objectReference: {fileID: 0}
    m_RemovedComponents: []
  m_SourcePrefab: {fileID: 100100000, guid: d344271d313980b41843a75885202bd2, type: 3}
--- !u!1 &396545738894003026 stripped
GameObject:
  m_CorrespondingSourceObject: {fileID: 1244598745653702150, guid: d344271d313980b41843a75885202bd2, type: 3}
  m_PrefabInstance: {fileID: 1496712164322125140}
  m_PrefabAsset: {fileID: 0}
--- !u!4 &396545738894003030 stripped
Transform:
  m_CorrespondingSourceObject: {fileID: 1244598745653702146, guid: d344271d313980b41843a75885202bd2, type: 3}
  m_PrefabInstance: {fileID: 1496712164322125140}
  m_PrefabAsset: {fileID: 0}
--- !u!1001 &2599357413623890216
PrefabInstance:
  m_ObjectHideFlags: 0
  serializedVersion: 2
  m_Modification:
    m_TransformParent: {fileID: 0}
    m_Modifications:
    - target: {fileID: 3371604598636183084, guid: 2fb844370785d4949b90627e37d04639, type: 3}
      propertyPath: m_RootOrder
      value: 3
      objectReference: {fileID: 0}
    - target: {fileID: 5000136901369969028, guid: 2fb844370785d4949b90627e37d04639, type: 3}
      propertyPath: m_Name
      value: 6
      objectReference: {fileID: 0}
    - target: {fileID: 5000136901369969028, guid: 2fb844370785d4949b90627e37d04639, type: 3}
      propertyPath: m_IsActive
      value: 1
      objectReference: {fileID: 0}
    - target: {fileID: 5000136901369969029, guid: 2fb844370785d4949b90627e37d04639, type: 3}
      propertyPath: m_RootOrder
      value: 0
      objectReference: {fileID: 0}
    - target: {fileID: 5000136901369969029, guid: 2fb844370785d4949b90627e37d04639, type: 3}
      propertyPath: m_LocalPosition.x
      value: 0
      objectReference: {fileID: 0}
    - target: {fileID: 5000136901369969029, guid: 2fb844370785d4949b90627e37d04639, type: 3}
      propertyPath: m_LocalPosition.y
      value: 0
      objectReference: {fileID: 0}
    - target: {fileID: 5000136901369969029, guid: 2fb844370785d4949b90627e37d04639, type: 3}
      propertyPath: m_LocalPosition.z
      value: 0
      objectReference: {fileID: 0}
    - target: {fileID: 5000136901369969029, guid: 2fb844370785d4949b90627e37d04639, type: 3}
      propertyPath: m_LocalRotation.w
      value: 1
      objectReference: {fileID: 0}
    - target: {fileID: 5000136901369969029, guid: 2fb844370785d4949b90627e37d04639, type: 3}
      propertyPath: m_LocalRotation.x
      value: 0
      objectReference: {fileID: 0}
    - target: {fileID: 5000136901369969029, guid: 2fb844370785d4949b90627e37d04639, type: 3}
      propertyPath: m_LocalRotation.y
      value: 0
      objectReference: {fileID: 0}
    - target: {fileID: 5000136901369969029, guid: 2fb844370785d4949b90627e37d04639, type: 3}
      propertyPath: m_LocalRotation.z
      value: 0
      objectReference: {fileID: 0}
    - target: {fileID: 5000136901369969029, guid: 2fb844370785d4949b90627e37d04639, type: 3}
      propertyPath: m_LocalEulerAnglesHint.x
      value: 0
      objectReference: {fileID: 0}
    - target: {fileID: 5000136901369969029, guid: 2fb844370785d4949b90627e37d04639, type: 3}
      propertyPath: m_LocalEulerAnglesHint.y
      value: 0
      objectReference: {fileID: 0}
    - target: {fileID: 5000136901369969029, guid: 2fb844370785d4949b90627e37d04639, type: 3}
      propertyPath: m_LocalEulerAnglesHint.z
      value: 0
      objectReference: {fileID: 0}
    m_RemovedComponents: []
  m_SourcePrefab: {fileID: 100100000, guid: 2fb844370785d4949b90627e37d04639, type: 3}
--- !u!4 &7023024758563397093 stripped
Transform:
  m_CorrespondingSourceObject: {fileID: 5000136902496836813, guid: 2fb844370785d4949b90627e37d04639, type: 3}
  m_PrefabInstance: {fileID: 2599357413623890216}
  m_PrefabAsset: {fileID: 0}
--- !u!1001 &2933919802099672031
PrefabInstance:
  m_ObjectHideFlags: 0
  serializedVersion: 2
  m_Modification:
    m_TransformParent: {fileID: 2113563917968290340}
    m_Modifications:
    - target: {fileID: 1244598745536752914, guid: d344271d313980b41843a75885202bd2, type: 3}
      propertyPath: m_Text
      value: 2
      objectReference: {fileID: 0}
    - target: {fileID: 1244598745653702146, guid: d344271d313980b41843a75885202bd2, type: 3}
      propertyPath: m_RootOrder
      value: 2
      objectReference: {fileID: 0}
    - target: {fileID: 1244598745653702146, guid: d344271d313980b41843a75885202bd2, type: 3}
      propertyPath: m_LocalPosition.x
      value: -1.07
      objectReference: {fileID: 0}
    - target: {fileID: 1244598745653702146, guid: d344271d313980b41843a75885202bd2, type: 3}
      propertyPath: m_LocalPosition.y
      value: 16.5
      objectReference: {fileID: 0}
    - target: {fileID: 1244598745653702146, guid: d344271d313980b41843a75885202bd2, type: 3}
      propertyPath: m_LocalPosition.z
      value: 7.52
      objectReference: {fileID: 0}
    - target: {fileID: 1244598745653702146, guid: d344271d313980b41843a75885202bd2, type: 3}
      propertyPath: m_LocalRotation.w
      value: 1
      objectReference: {fileID: 0}
    - target: {fileID: 1244598745653702146, guid: d344271d313980b41843a75885202bd2, type: 3}
      propertyPath: m_LocalRotation.x
      value: 0
      objectReference: {fileID: 0}
    - target: {fileID: 1244598745653702146, guid: d344271d313980b41843a75885202bd2, type: 3}
      propertyPath: m_LocalRotation.y
      value: 0
      objectReference: {fileID: 0}
    - target: {fileID: 1244598745653702146, guid: d344271d313980b41843a75885202bd2, type: 3}
      propertyPath: m_LocalRotation.z
      value: 0
      objectReference: {fileID: 0}
    - target: {fileID: 1244598745653702146, guid: d344271d313980b41843a75885202bd2, type: 3}
      propertyPath: m_LocalEulerAnglesHint.x
      value: 0
      objectReference: {fileID: 0}
    - target: {fileID: 1244598745653702146, guid: d344271d313980b41843a75885202bd2, type: 3}
      propertyPath: m_LocalEulerAnglesHint.y
      value: 0
      objectReference: {fileID: 0}
    - target: {fileID: 1244598745653702146, guid: d344271d313980b41843a75885202bd2, type: 3}
      propertyPath: m_LocalEulerAnglesHint.z
      value: 0
      objectReference: {fileID: 0}
    - target: {fileID: 1244598745653702148, guid: d344271d313980b41843a75885202bd2, type: 3}
      propertyPath: m_Materials.Array.data[0]
      value: 
      objectReference: {fileID: 2100000, guid: a9d8bd6427aef104abb53577491d6c71, type: 2}
    - target: {fileID: 1244598745653702150, guid: d344271d313980b41843a75885202bd2, type: 3}
      propertyPath: m_Name
      value: BaseCube (2)
      objectReference: {fileID: 0}
    - target: {fileID: 1244598746188261878, guid: d344271d313980b41843a75885202bd2, type: 3}
      propertyPath: m_Text
      value: 2
      objectReference: {fileID: 0}
    - target: {fileID: 1244598746319467436, guid: d344271d313980b41843a75885202bd2, type: 3}
      propertyPath: m_Text
      value: 2
      objectReference: {fileID: 0}
    - target: {fileID: 1244598746411284381, guid: d344271d313980b41843a75885202bd2, type: 3}
      propertyPath: m_Text
      value: 2
      objectReference: {fileID: 0}
    - target: {fileID: 1244598746741649336, guid: d344271d313980b41843a75885202bd2, type: 3}
      propertyPath: m_Text
      value: 2
      objectReference: {fileID: 0}
    - target: {fileID: 1244598747473107045, guid: d344271d313980b41843a75885202bd2, type: 3}
      propertyPath: m_Text
      value: 2
      objectReference: {fileID: 0}
    m_RemovedComponents: []
  m_SourcePrefab: {fileID: 100100000, guid: d344271d313980b41843a75885202bd2, type: 3}
--- !u!1 &4175632303876689369 stripped
GameObject:
  m_CorrespondingSourceObject: {fileID: 1244598745653702150, guid: d344271d313980b41843a75885202bd2, type: 3}
  m_PrefabInstance: {fileID: 2933919802099672031}
  m_PrefabAsset: {fileID: 0}
--- !u!4 &4175632303876689373 stripped
Transform:
  m_CorrespondingSourceObject: {fileID: 1244598745653702146, guid: d344271d313980b41843a75885202bd2, type: 3}
  m_PrefabInstance: {fileID: 2933919802099672031}
  m_PrefabAsset: {fileID: 0}
--- !u!1001 &5727404820813847410
PrefabInstance:
  m_ObjectHideFlags: 0
  serializedVersion: 2
  m_Modification:
    m_TransformParent: {fileID: 2113563917968290340}
    m_Modifications:
    - target: {fileID: 1244598745536752914, guid: d344271d313980b41843a75885202bd2, type: 3}
      propertyPath: m_Text
      value: 2
      objectReference: {fileID: 0}
    - target: {fileID: 1244598745653702146, guid: d344271d313980b41843a75885202bd2, type: 3}
      propertyPath: m_RootOrder
      value: 3
      objectReference: {fileID: 0}
    - target: {fileID: 1244598745653702146, guid: d344271d313980b41843a75885202bd2, type: 3}
      propertyPath: m_LocalPosition.x
      value: 0.49
      objectReference: {fileID: 0}
    - target: {fileID: 1244598745653702146, guid: d344271d313980b41843a75885202bd2, type: 3}
      propertyPath: m_LocalPosition.y
      value: 12.5
      objectReference: {fileID: 0}
    - target: {fileID: 1244598745653702146, guid: d344271d313980b41843a75885202bd2, type: 3}
      propertyPath: m_LocalPosition.z
      value: 6.48
      objectReference: {fileID: 0}
    - target: {fileID: 1244598745653702146, guid: d344271d313980b41843a75885202bd2, type: 3}
      propertyPath: m_LocalRotation.w
      value: 1
      objectReference: {fileID: 0}
    - target: {fileID: 1244598745653702146, guid: d344271d313980b41843a75885202bd2, type: 3}
      propertyPath: m_LocalRotation.x
      value: 0
      objectReference: {fileID: 0}
    - target: {fileID: 1244598745653702146, guid: d344271d313980b41843a75885202bd2, type: 3}
      propertyPath: m_LocalRotation.y
      value: 0
      objectReference: {fileID: 0}
    - target: {fileID: 1244598745653702146, guid: d344271d313980b41843a75885202bd2, type: 3}
      propertyPath: m_LocalRotation.z
      value: 0
      objectReference: {fileID: 0}
    - target: {fileID: 1244598745653702146, guid: d344271d313980b41843a75885202bd2, type: 3}
      propertyPath: m_LocalEulerAnglesHint.x
      value: 0
      objectReference: {fileID: 0}
    - target: {fileID: 1244598745653702146, guid: d344271d313980b41843a75885202bd2, type: 3}
      propertyPath: m_LocalEulerAnglesHint.y
      value: 0
      objectReference: {fileID: 0}
    - target: {fileID: 1244598745653702146, guid: d344271d313980b41843a75885202bd2, type: 3}
      propertyPath: m_LocalEulerAnglesHint.z
      value: 0
      objectReference: {fileID: 0}
    - target: {fileID: 1244598745653702148, guid: d344271d313980b41843a75885202bd2, type: 3}
      propertyPath: m_Materials.Array.data[0]
      value: 
      objectReference: {fileID: 2100000, guid: a9d8bd6427aef104abb53577491d6c71, type: 2}
    - target: {fileID: 1244598745653702150, guid: d344271d313980b41843a75885202bd2, type: 3}
      propertyPath: m_Name
      value: BaseCube (3)
      objectReference: {fileID: 0}
    - target: {fileID: 1244598746188261878, guid: d344271d313980b41843a75885202bd2, type: 3}
      propertyPath: m_Text
      value: 2
      objectReference: {fileID: 0}
    - target: {fileID: 1244598746319467436, guid: d344271d313980b41843a75885202bd2, type: 3}
      propertyPath: m_Text
      value: 2
      objectReference: {fileID: 0}
    - target: {fileID: 1244598746411284381, guid: d344271d313980b41843a75885202bd2, type: 3}
      propertyPath: m_Text
      value: 2
      objectReference: {fileID: 0}
    - target: {fileID: 1244598746741649336, guid: d344271d313980b41843a75885202bd2, type: 3}
      propertyPath: m_Text
      value: 2
      objectReference: {fileID: 0}
    - target: {fileID: 1244598747473107045, guid: d344271d313980b41843a75885202bd2, type: 3}
      propertyPath: m_Text
      value: 2
      objectReference: {fileID: 0}
    m_RemovedComponents: []
  m_SourcePrefab: {fileID: 100100000, guid: d344271d313980b41843a75885202bd2, type: 3}
--- !u!4 &6790979233334031728 stripped
Transform:
  m_CorrespondingSourceObject: {fileID: 1244598745653702146, guid: d344271d313980b41843a75885202bd2, type: 3}
  m_PrefabInstance: {fileID: 5727404820813847410}
  m_PrefabAsset: {fileID: 0}
--- !u!1 &6790979233334031732 stripped
GameObject:
  m_CorrespondingSourceObject: {fileID: 1244598745653702150, guid: d344271d313980b41843a75885202bd2, type: 3}
  m_PrefabInstance: {fileID: 5727404820813847410}
  m_PrefabAsset: {fileID: 0}
